1721 2783
63 171 73 216 .
134 178 163 187 ““
194 182 325 213 mortuo
357 179 460 221 igitur
485 177 603 212 Proteo
635 175 761 212 ἄσυλον
791 177 938 211 Helenae
947 176 1149 220 ''petendum
1182 180 1248 220 est,
1286 176 1372 209 illud
1410 177 1501 209 enim

196 235 329 275 ἄσυλος
353 234 376 283 ἦ
403 235 518 282 γάμων
543 237 632 270 idem
656 239 754 279 atque
781 239 859 279 ,tum
884 246 974 269 eram
998 247 1017 268 a
1042 235 1175 278 nuptiis'
1202 235 1258 278 (sc.
1284 235 1368 278 aliis)
1396 235 1498 276 signi-

193 297 295 330 ficare
326 296 495 329 Matthiaei
525 296 586 328 filii
618 295 798 339 (Matthiaei
823 295 888 329 lex.
921 295 1032 337 Eurip.
1058 306 1088 337 p.
1116 294 1207 337 435)j
1232 297 1320 327 recte
1353 297 1496 327 monent.

195 355 241 387 At
264 355 301 387 in
325 355 433 387 media
457 355 567 387 fabula
592 355 763 388 Menelaus
789 354 977 396 sepulcrum
1010 354 1065 386 vel
1090 353 1260 396 Proteum,
1294 356 1328 385 ut
1360 363 1497 386 uxorem

193 413 321 454 reddat,
346 413 495 446 versibus
523 415 691 447 959—68
719 415 788 445 orat
813 415 847 445 et
872 413 1030 447 obsecrat.
1082 412 1197 446 Audio.
1249 412 1314 445 Sed
1341 412 1426 454 quod
1447 421 1497 444 se-

193 472 347 515 pulcrum
372 472 444 506 eius
469 473 622 516 precibus
647 473 724 517 adit,
750 472 802 506 via
828 472 1051 506 tantummodo
1077 475 1129 506 est
1153 474 1186 505 et
1210 472 1302 516 ratio,
1328 481 1394 515 qua
1416 471 1496 514 quid

193 532 308 565 Protei
332 533 420 565 filiae
445 533 631 565 faciendum
657 533 700 565 sit
725 535 903 565 moneatur.
945 532 984 564 Id
1009 533 1064 573 agi
1088 535 1125 564 ut
1150 532 1277 565 Helena
1302 533 1372 564 viro
1398 532 1497 564 fidem

195 593 314 632 servet,
341 601 538 634 quamquam
562 592 642 624 haec
667 601 721 623 res
746 591 873 624 fabulae
899 591 1151 624 fundamentum
1176 594 1240 634 est,
1270 591 1371 623 nimis
1399 600 1495 633 saepe

191 651 306 681 tamen
331 650 366 681 in
391 650 453 681 1100
477 650 610 691 prologo
635 650 786 682 audimus
813 650 863 693 (cf.
889 661 919 682 V.
947 652 1003 691 32,
1031 652 1088 693 48,
1115 652 1171 690 59,
1192 652 1236 682 63
1256 649 1331 691 sq.):
1359 659 1418 681 cur
1434 650 1495 681 hoc

194 706 266 739 loco
290 707 373 739 hanc
398 707 536 740 eandem
561 717 633 740 rem
659 708 758 741 etiam
782 709 833 741 bis
858 708 1018 752 legamus,
1044 718 1105 750 ego
1131 718 1196 740 non
1221 707 1387 749 intellego.
1437 709 1494 740 At-

194 776 259 809 que
286 767 332 799 sic
356 767 507 800 arbitror·
535 767 709 810 Euripides
735 768 770 800 in
795 768 912 801 eadem
936 778 972 800 re
990 767 1271 801 commemoranda
1289 777 1369 801 usus
1387 767 1494 801 fuerat

193 824 481 858 circumlocutione
506 827 681 857 admodum
705 827 830 867 poetica
855 826 897 868 (v.
926 829 970 858 66
990 826 1062 868 sq.),
1089 827 1147 858 sed
1172 827 1381 868 interpolator
1406 826 1491 858 hanc

194 882 519 921 circumlocutionem
543 887 630 917 retro
655 884 887 928 interpretatus
918 887 970 918 est
1000 894 1037 918 re
1062 884 1132 928 ipsa
1158 883 1198 928 (V.
1227 884 1297 928 65).
1349 884 1415 918 Sed
1439 895 1491 918 re-

191 943 255 974 deo
286 943 328 974 ad
357 953 429 975 rem
460 944 571 976 hercle
603 953 669 976 non
701 944 954 987 neglegendam,
991 944 1076 985 quod
1114 944 1254 976 alterum
1286 945 1491 976 enuntiatum

193 1001 290 1035 finale
316 1002 436 1045 pendet
461 1012 504 1036 ex
529 1003 644 1046 priore.
679 1003 717 1035 Id
742 1003 828 1046 quod
853 1003 909 1036 ubi
933 1003 1078 1047 primum
1102 1003 1179 1045 vidi,
1205 1003 1284 1036 ferri
1309 1013 1375 1036 non
1391 1014 1487 1046 posse

191 1071 396 1104 censueram,
422 1063 510 1104 quod
534 1063 693 1095 iudicium
718 1066 865 1095 accurate
884 1063 1067 1096 examinato
1084 1063 1325 1095 enuntiatorum
1343 1064 1490 1096 finalium

190 1119 278 1160 apud
303 1117 499 1161 Euripidem
523 1129 589 1151 usu
620 1119 716 1161 plane
741 1121 966 1152 confirmatum
997 1123 1056 1153 est.
1106 1121 1213 1162 Atque
1244 1123 1290 1152 tot
1321 1121 1489 1153 enuntiata

192 1178 301 1211 finalia
319 1177 344 1220 1)
374 1178 460 1221 apud
484 1178 673 1222 Euripidem
706 1182 836 1213 exstant
866 1190 885 1213 a
910 1179 1079 1223 particulis
1112 1176 1173 1220 ὡς,
1213 1175 1261 1219 ὡς
1287 1181 1349 1226 μή,
1389 1176 1487 1221 ὅπως,

190 1233 285 1275 ὅπως
312 1235 368 1282 μή,
394 1234 459 1276 ἵνα,
486 1235 541 1271 ἵνα
568 1236 625 1283 μή,
653 1236 699 1283 μή
726 1239 834 1275 ducta,
868 1242 905 1271 ut
930 1239 1029 1271 etiam
1054 1239 1145 1271 iuxta
1170 1242 1330 1281 ponantur
1356 1243 1389 1271 et
1413 1249 1487 1272 coa-

188 1299 373 1328 cerventur.
425 1295 489 1337 Qui
512 1307 594 1329 usus
624 1307 722 1340 quam
756 1297 822 1330 late
858 1300 980 1341 pateat,
1018 1307 1131 1330 omnes
1155 1297 1322 1340 Euripidis
1359 1298 1486 1331 fabulas

187 1349 415 1397 perscrutatus
440 1356 627 1398 explanabo.
679 1357 726 1388 Ac
751 1357 896 1398 primum
922 1357 1057 1398 quidem
1089 1357 1280 1398 saepissime
1311 1357 1485 1389 inveniun-

189 1415 245 1444 tur
269 1413 341 1456 loci,
365 1413 422 1445 ubi
447 1413 573 1446 duobus
598 1414 707 1446 verbis
732 1414 823 1446 iuxta
849 1414 963 1456 positis
988 1414 1117 1455 singula
1138 1414 1360 1456 adiunguntur
1383 1425 1485 1447 enun-

188 1473 271 1506 tiata
296 1473 413 1507 finalia.
456 1474 573 1516 Neque
600 1485 798 1517 quemquam
823 1475 903 1507 haec
927 1485 981 1507 res
997 1474 1178 1508 offenderit.
1223 1475 1325 1508 Cuius
1351 1477 1484 1517 generis

186 1531 217 1575 (Ι
235 1532 275 1574 A)
302 1535 378 1565 sunt
402 1533 438 1565 hi
463 1533 540 1566 loci:

237 1593 337 1625 Andr.
366 1595 508 1627 752-—6

337 1649 401 1695 ὅρα
426 1650 463 1684 δὲ
490 1653 536 1696 μὴ
563 1679 570 1686 .
598 1678 605 1684 .
634 1678 641 1685 .
670 1650 740 1685 οἵδε
766 1653 847 1695 πρὸς
873 1653 946 1696 βίαν
973 1651 1077 1695 ἄγωσί
1104 1663 1145 1697 με
1172 1680 1179 1687 .
1207 1678 1214 1685 .

334 1710 451 1743 σκόπει
477 1709 567 1750 τάδε,
595 1710 640 1756 μὴ
667 1714 724 1745 νῦν
751 1712 908 1757 φυγόντες
934 1706 1004 1744 εἶθ’
1034 1707 1166 1757 ἁλῶμεν
1185 1708 1333 1755 ὕστερον.

182 1768 258 1801 Ηο1.
286 1771 453 1812 880-5,
490 1770 566 1802 Her.
595 1772 761 1813 336—8,
798 1770 894 1803 Herc.
922 1773 1114 1810 327—31,
1152 1771 1221 1812 Iph.
1250 1771 1283 1803 T.
1312 1774 1480 1814 467—9,

192 1829 370 1867 1216—8,
396 1828 473 1869 (Ion.
503 1828 635 1870 76—9)
655 1827 690 1870 2),
717 1828 806 1869 Cycl.
835 1830 904 1861 342
931 1832 964 1861 et
991 1830 1011 1861 5
1031 1838 1089 1872 sq,
1115 1828 1186 1862 Tro.
1209 1831 1374 1862 1260—ss
1404 1830 1479 1872 (tria

180 1887 296 1917 enunt.
322 1886 377 1917 fin.
404 1886 465 1918 hoc
490 1886 560 1919 1000
586 1889 731 1930 exstant,
763 1896 902 1929 quorum
932 1887 1075 1921 alterum
1101 1888 1141 1930 (V.
1172 1887 1276 1929 1265)
1303 1888 1477 1922 intercala-

265 2012 289 2048 ¹)
309 2011 426 2041 Tachau
446 2012 477 2041 111
499 2012 572 2042 diss.
596 2012 725 2048 Gotting.
753 2022 778 2042 a.
801 2012 879 2042 1880
910 2013 956 2051 ,de
981 2013 1202 2043 enuntiatorum
1229 2014 1365 2044 finalium
1396 2015 1475 2052 apud

179 2059 357 2097 Euripidem
376 2061 491 2091 ratione
512 2063 599 2098 atque
620 2062 687 2090 usu‘
709 2071 736 2099 p.
753 2061 790 2090 73
812 2063 884 2099 quot
904 2064 1005 2091 enunt.
1026 2063 1075 2092 fin.
1097 2063 1130 2091 in
1150 2063 1280 2101 singulis
1300 2064 1411 2093 fabulis
1431 2064 1474 2093 le-

180 2109 289 2145 gantur
317 2110 421 2140 refert:
461 2109 526 2139 Alc.
553 2110 580 2146 8,
612 2109 689 2139 Med.
712 2110 759 2147 16,
790 2110 879 2148 Hipp.
903 2111 949 2148 19,
981 2111 1050 2140 Her.
1073 2111 1101 2149 9,
1133 2111 1206 2141 Hec.
1228 2112 1276 2149 30,
1310 2113 1402 2142 Andr.
1424 2112 1471 2149 27,

179 2156 282 2195 Suppl.
304 2158 352 2196 20,
372 2158 459 2189 Hero.
482 2159 528 2197 29,
551 2158 595 2190 El.
616 2158 663 2197 26,
685 2158 746 2189 Tro.
769 2158 817 2197 28,
838 2159 904 2198 Iph.
919 2160 948 2190 Τ.
965 2160 1013 2197 31,
1034 2160 1160 2199 Ῑο11.29,
1181 2160 1258 2191 Hel.
1280 2161 1338 2199 36,
1360 2161 1472 2192 Phoen.

178 2206 230 2243 25,
252 2206 301 2235 Or.
322 2207 370 2241 34,
397 2208 462 2244 Iph.
484 2209 519 2237 A.
541 2208 587 2244 33,
614 2208 723 2237 Bacch.
746 2208 793 2244 17,
825 2208 906 2245 Cycl.
929 2209 976 2245 18,
1007 2209 1097 2239 Rhes.
1119 2210 1154 2238 8:
1189 2219 1305 2239 summa
1337 2211 1472 2240 omnium

176 2259 227 2284 est
247 2254 314 2285 443.

260 2305 286 2342 2)
307 2305 369 2336 Ion.
382 2305 419 2336 77
430 2305 647 2336 Herwerdenus
667 2305 732 2336 iure
743 2306 819 2337 mihi
830 2307 952 2338 videtur
963 2308 1100 2339 damnare
1110 2309 1143 2339 in
1158 2310 1366 2339 commentario
1378 2319 1406 2347 p.
1419 2309 1471 2340 80.

1197 2358 1212 2385 1
1220 2358 1235 2373 4
