1721 2783
827 69 872 101 37

200 177 367 220 petiturus
392 176 546 210 constitIt.
584 176 637 208 An
660 179 757 219 putas
781 176 976 209 lassitudine
1002 176 1187 209 confectum
1211 176 1258 209 ibi
1283 186 1361 209 eum
1386 186 1423 209 se
1447 186 1499 209 re-

133 239 135 243 ’
194 235 319 269 'fecisse
350 238 385 268 et
415 235 569 267 curasse?
618 234 735 277 Neque
767 234 811 275 id,
843 235 929 276 quod
960 235 1003 267 de
1034 235 1153 267 Paride
1182 245 1257 267 cum
1289 235 1416 268 Helena
1453 235 1500 267 ibi

71 306 120 341 „³-
135 304 144 329 γ
200 294 344 335 primum
368 293 605 325 concumbente
631 293 794 325 Homerus
819 290 846 325 Γ
865 291 1012 326 443—5
1037 293 1168 336 cecinit,
1193 294 1229 325 111
1247 294 1449 326 Mercurium
1466 297 1499 327 et

199 351 363 385 Helenam
388 351 505 385 cadere
530 354 644 394 potest.
693 351 799 384 Immo
823 361 843 384 a
868 352 967 385 sciolo
993 352 1134 394 quodam
1159 352 1251 385 illius
1277 352 1407 385 fabulae
1432 352 1498 385 Ho-

199 410 341 444 mericae
365 420 526 452 memore,
558 410 615 453 qui
646 420 754 452 neque
789 413 946 452 quantum
970 411 1149 444 interesset
1173 411 1262 444 inter
1287 411 1441 444 Paridem
1466 415 1500 443 et

200 468 411 508 Mercurium,
436 479 544 511 neque
569 469 642 509 alia,
668 478 751 510 quae
776 469 861 501 infra
886 479 1099 512 exponemus,
1124 472 1264 512 curaret,
1288 470 1371 503 tales
1393 479 1500 511 nugas

200 527 278 560 huic
309 527 438 569 epilogo
462 527 639 569 Euripideo
670 526 849 560 inculcatas
881 537 956 560 esse
987 528 1134 562 arbitror.
1185 528 1236 560 Ne
1270 528 1333 560 1100
1365 528 1499 569 quidem

200 584 274 618 fieri
298 588 421 628 potest,
460 588 498 617 ut
522 585 628 627 primo
652 585 896 619 Lacedaemone
928 589 1055 619 tantum
1089 587 1288 619 amovendae
1327 587 1499 619 consilium

200 643 361 675 Iunonem
386 643 516 685 cepisse
541 646 711 685 putemus,
743 643 946 677 Memmium
976 647 1102 687 raptam
1137 645 1315 678 abstulisse
1346 645 1382 676 in
1407 644 1500 676 illam

200 702 345 736 insulam
370 712 430 735 suo
454 702 596 743 arbitrio,
621 705 692 735 tum
717 702 850 736 demum
874 703 975 744 illam,
1000 704 1057 736 ubi
1081 704 1211 745 Protea,
1237 704 1292 736 0111
1316 703 1501 736 traderetur

203 761 377 802 servanda,
402 761 591 804 indagasset
616 764 650 794 et
674 763 889 804 repperisset,
920 765 957 795 ut
981 763 1018 795 111
1042 764 1232 806 Aegyptum
1257 763 1499 803 transferretur,

202 820 337 853 deorum
362 821 477 853 nuntio
508 820 697 862 imperasse.
747 820 818 853 Hoc
847 822 942 853 modo
974 821 1003 853 si
1034 831 1088 854 res
1120 822 1303 861 evenisset,
1337 831 1499 854 summam

200 879 296 912 deam
320 879 356 911 in
381 889 418 912 re
443 882 480 911 ut
504 879 584 910 deae
617 879 771 911 facillima
801 879 996 911 haberemus
1028 877 1223 925 ἆμήχανον.”
1266 880 1378 912 Redeo
1410 889 1499 911 1111110

200 937 241 969 ad
267 937 469 970 Mercurium
494 936 737 970 Lacedaemone
762 937 798 969 in
820 938 1008 979 Aegyptum
1033 938 1296 979 proficiscentem
1322 941 1354 970 et
1379 938 1415 969 in
1439 939 1500 969 hoc

201 996 274 1037 ipso
308 995 426 1028 itinere
451 995 611 1028 Helenam
649 995 791 1027 insulam
827 996 1058 1037 attingentem!
1109 995 1198 1028 Num
1233 996 1426 1038 Euripidem
1452 1014 1499 1019 -—

202 1053 304 1087 velim
328 1056 439 1087 autem
463 1056 596 1096 reputes
621 1054 858 1087 Atheniensem
884 1063 961 1088 eum
985 1054 1099 1095 fuisse,
1124 1053 1351 1088 Athenienses
1376 1054 1500 1087 mariti-

200 1113 265 1144 mis
289 1112 389 1145 rebus
414 1121 545 1153 operam
569 1114 640 1153 tum
675 1111 809 1144 dedisse
839 1112 927 1145 inter
957 1122 1071 1145 omnes
1102 1115 1219 1154 gentes
1250 1113 1427 1145 maximam
1454 1131 1499 1136 —

200 1171 258 1204 ubi
282 1171 363 1204 haec
387 1171 460 1204 loca
486 1170 564 1204 satis
588 1174 680 1214 nota,
704 1171 866 1214 imprimis
890 1172 1020 1205 Atticae
1045 1172 1153 1205 insula
1178 1173 1317 1213 Atticis,
1344 1172 1411 1205 sint
1436 1172 1499 1204 sita

203 1235 237 1264 et
262 1231 422 1273 quomodo
447 1231 535 1263 inter
560 1240 596 1263 se
621 1231 760 1274 distent,
790 1233 858 1263 tam
882 1227 1024 1264 inscium
1049 1231 1168 1264 habere
1186 1232 1329 1274 licebit,
1361 1233 1397 1264 ut
1427 1240 1501 1264 eam

199 1290 352 1329 insulam,
378 1290 435 1330 qui
459 1289 703 1321 Lacedaemone
728 1290 764 1320 in
778 1290 966 1330 Aegyptum
991 1292 1079 1321 recta
1104 1289 1160 1321 via
1183 1293 1381 1331 properaret,
1406 1298 1499 1330 prae-

202 1348 316 1380 sertim
346 1347 484 1379 volando
521 1347 657 1379 deorum
694 1347 847 1388 nuntius,
882 1357 960 1380 eum
997 1357 1167 1390 nunquam
1203 1348 1364 1389 attingere
1400 1357 1498 1389 posse

200 1406 419 1448 ignoraverit?
470 1406 625 1439 Cernitur
656 1409 767 1438 autem
798 1407 859 1438 hac
891 1416 1021 1448 quoque
1046 1407 1083 1438 in
1107 1417 1144 1438 re
1169 1407 1381 1448 interpolator
1405 1406 1498 1437 illius

200 1464 264 1497 1001
289 1463 454 1496 Homerici
478 1473 614 1507 memor,
646 1474 722 1496 nam
749 1465 778 1497 si
803 1464 1047 1497 Lacedaemone
1072 1464 1234 1497 Helenam
1259 1464 1402 1496 insulam
1426 1473 1501 1506 pro-

202 1523 280 1557 fecti
305 1523 445 1556 eundem
477 1533 611 1556 cursum
641 1526 754 1556 tenere
792 1523 1008 1564 voluerimus,
1043 1523 1117 1556 fieri
1151 1534 1219 1556 non
1247 1524 1382 1566 poterit,
1420 1523 1501 1565 quin

202 1581 332 1614 Troiam
358 1591 487 1623 quoque
513 1600 559 1605 ——
588 1582 636 1614 sic
667 1582 758 1614 enim
783 1582 863 1624 iter,
900 1582 985 1623 quod
1023 1581 1172 1613 codicum
1197 1582 1386 1614 auctoritate
1411 1581 1501 1612 ducti

201 1640 384 1682 inierimus,
409 1640 651 1673 continuabitur
675 1640 807 1682 directe,
835 1660 880 1664 —
906 1640 1154 1684 perveniamus:
1187 1640 1372 1673 videbimus
1398 1640 1500 1681 igitur

201 1709 221 1731 a
245 1702 333 1731 recta
357 1699 410 1730 via
434 1708 499 1730 una
524 1709 600 1730 cum
624 1699 755 1731 falsario
780 1708 855 1731 esse
879 1709 939 1731 nos
964 1708 1096 1731 aversos
1122 1709 1230 1740 neque
1258 1699 1293 1730 in
1312 1700 1502 1739 Aegyptum

202 1745 426 1800 perventuros.
449 1756 596 1793 >Accedit
620 1766 675 1789 res
700 1756 903 1798 gravissima.
942 1757 1115 1797 Helenam,
1141 1767 1224 1799 quae
1250 1757 1314 1799 ipsi
1338 1756 1501 1789 Lacedae-

202 1825 299 1849 mone
325 1815 524 1849 auferendae
555 1815 731 1848 acciderint
768 1818 801 1848 et
833 1816 992 1858 quomodo
1030 1816 1065 1848 111
1089 1816 1278 1858 Aegyptum
1312 1815 1417 1848 ablata
1449 1815 1501 1856 sit,

203 1874 332 1917 copiose
357 1873 393 1906 in
416 1874 549 1916 prologo
574 1884 706 1907 narrare
731 1883 827 1907 nemo
852 1875 994 1918 negabit,
1027 1875 1085 1907 sed
1111 1874 1152 1907 de
1171 1875 1239 1912 ,hac
1264 1874 1372 1906 insula
1397 1874 1500 1906 altum

203 1937 255 1967 est
280 1933 458 1973 silentium,
484 1933 563 1965 item
589 1935 654 1965 tota
679 1933 787 1965 fabula
811 1943 975 1975 nusquam
1000 1934 1064 1965 alio
1089 1934 1154 1965 nisi
1180 1934 1216 1964 in
1233 1934 1421 1974 Aegyptum
1439 1933 1500 1964 La-

202 1992 399 2024 cedaemone
433 1991 620 2033 perhibetur
650 1994 772 2024 amota:
816 1991 850 2023 in
874 1991 1007 2034 prologo
1021 2001 1149 2024 >versus
1175 1993 1314 2032 44—83
1344 1992 1499 2030 241—9,

203 2052 287 2094 (273
307 2050 379 2093 sq.),
406 2053 586 2092 669—71,
613 2052 694 2091 682,
713 2052 892 2091 909—11,
911 2052 999 2091 9643
1025 2051 1061 2082 in
1078 2050 1206 2092 epilogo
1234 2052 1328 2083 1650
1343 2060 1390 2091 sq.
1435 2050 1500 2082 Sed

204 2109 232 2141 si
259 2110 334 2151 quis
358 2109 459 2142 huius
491 2108 619 2141 insulae
651 2108 873 2141 defendendae
911 2118 1009 2141 causa
1047 2108 1250 2140 adnotaverit
1288 2108 1324 2139 in
1361 2108 1500 2150 epilogis

202 2168 390 2211 Euripideis
415 2168 515 2202 deum
532 2178 630 2211 quem
655 2167 768 2201 dicunt
784 2178 827 2201 ex
843 2168 993 2201 machina
1019 2167 1149 2211 saepius
1166 2168 1352 2211 praedicere
1370 2168 1437 2201 fore
1464 2171 1501 2200 ut

182 2233 185 2235 “
204 2228 296 2260 locus
321 2227 363 2259 ad
388 2230 478 2259 actae
504 2227 554 2259 rei
584 2227 774 2259 memoriam
800 2227 993 2259 servandam
1018 2228 1058 2258 ab
1083 2228 1145 2259 hoc
1170 2226 1258 2269 ipso,
1298 2227 1354 2268 qui
1378 2227 1502 2268 primas

203 2289 313 2329 partes
339 2285 452 2327 egerit,
477 2285 646 2327 apelletur,
672 2285 823 2318 omnibus
840 2285 978 2328 epilogis
1002 2285 1140 2327 cognitis
1165 2295 1230 2318 non
1249 2285 1377 2328 saepius
1403 2295 1501 2328 quam
