1721 2783
288 496 345 539 ,De
371 495 623 538 Euripideorum
649 496 855 538 prologorum
880 500 948 529 arte
980 500 1013 529 et
1038 497 1293 540 interpolatione‘
1325 498 1485 531 Klinken-

188 555 319 596 bergius
344 554 533 596 nuperrime
561 554 706 597 (Bonnae
736 555 842 597 1881)
869 556 1009 599 scripsit,
1042 556 1092 587 vir
1116 559 1232 588 acutus
1258 557 1315 589 ille
1342 557 1476 599 quidem

187 614 244 647 sed
269 614 311 646 ad
336 613 585 655 proscribendos
610 623 727 646 versus
757 615 957 656 propensior.
1008 613 1073 655 Qui
1098 626 1128 657 p.
1157 617 1201 649 56
1230 625 1300 658 sqq.
1326 616 1362 648 in
1386 615 1485 649 Hele-

186 682 247 704 nae
272 672 406 713 prologo
431 671 512 703 alios
539 674 671 703 secutus
696 681 812 704 versus
840 675 860 705 5
875 672 913 714 l),
942 675 961 705 9
977 683 1024 715 sq.
1051 674 1150 705 verba
1176 670 1226 706 ὅτι
1253 693 1300 697 -
1327 670 1486 719 διήνεγκ’,

186 733 243 774 41,
269 730 340 773 ipse
366 740 483 763 versus
513 732 555 763 11
576 739 622 773 sq.
650 733 738 763 recte
765 731 862 772 delet,
887 731 1006 764 iniuria
1031 743 1061 764 v.
1078 734 1121 766 26
1150 742 1226 765 cum
1251 732 1485 777 Herwerdeno,

188 792 332 824 35—43
360 801 434 823 cum
460 790 624 830 Usenero,
658 791 728 832 ipse
754 801 872 823 versus
900 794 943 825 66
964 802 1011 833 sq.
1062 792 1112 824 De
1138 793 1199 824 hoc
1224 795 1387 834 postremo
1413 793 1484 826 loco

185 859 289 890 agam.
341 848 474 880 Etenim
499 858 617 880 versus
645 851 689 881 66
710 858 757 891 sq.
798 850 971 890 genuinos,
999 851 1146 892 spurium
1171 860 1305 882 versum
1332 852 1376 884 65
1403 851 1487 882 arbi-

186 913 266 942 tror.
316 908 410 941 Idem
442 908 658 941 Schenkelius
691 912 853 949 senserat,
883 909 976 942 cuius
1009 909 1117 942 studia
1149 910 1318 952 (kritische
1350 899 1487 943 Studien

187 979 228 1000 zu
253 966 439 1010 Euripides'
465 967 592 1010 Helene
619 968 654 999 in
679 968 796 1000 ztschr.
823 969 843 999 f.
871 971 929 1000 ost.
957 979 1068 1009 gymn.
1094 969 1191 1001 XXV
1214 969 1336 1012 (1874)
1363 980 1393 1012 p.
1413 970 1484 1003 432

185 1029 237 1061 bis
264 1029 346 1069 457,
372 1027 447 1060 vide
472 1038 502 1070 p.
530 1026 613 1070 439)
647 1037 719 1060 sero
755 1027 836 1060 milii
869 1027 1091 1061 innotuerunt.
1143 1028 1306 1071 Equidem
1336 1039 1413 1062 cum
1443 1029 1484 1062 de

185 1087 383 1118 coacervatis
410 1087 496 1127 apud
521 1086 712 1127 Euripidem
739 1087 915 1118 enuntiatis
941 1088 1094 1118 finalibus
1120 1088 1389 1128 disputavissem,
1422 1098 1485 1129 qua

185 1155 221 1178 re
255 1145 398 1177 maxime
431 1144 619 1186 coarguitur
649 1145 736 1177 hunc
768 1154 901 1177 versum
940 1145 1088 1188 spurium
1126 1155 1200 1178 esse
1239 1148 1348 1179 tacere
1385 1145 1485 1179 1101111.

185 1205 354 1236 Habemus
379 1207 489 1236 autem
515 1205 576 1236 hoc
601 1205 671 1236 1000
703 1204 768 1236 duo
799 1205 966 1236 enuntiata
1001 1205 1128 1245 finalia,
1168 1216 1307 1247 quorum
1345 1206 1486 1237 alterum

185 1263 309 1305 pendet
334 1273 377 1295 ex
402 1263 520 1306 priore,
548 1263 745 1295 sententiam
770 1265 880 1296 autem
905 1263 974 1295 fere
1000 1264 1084 1296 hano
1100 1264 1276 1306 praebent:
1305 1262 1425 1305 ,accido
1442 1264 1482 1296 ad

186 1323 247 1355 1100
274 1322 385 1355 Protei
412 1322 599 1364 sepulcrm
627 1322 778 1366 supplex,
810 1325 847 1355 ut
872 1322 1005 1364 coniugi
1029 1332 1142 1355 meum
1168 1326 1276 1356 servet
1301 1324 1486 1364 conubium,

188 1391 230 1411 110
260 1406 267 1412 .
295 1404 302 1412 .
329 1405 337 1412 .
363 1381 446 1411 1111111
471 1390 587 1421 corpus
613 1381 722 1421 ipsum
746 1381 801 1412 1110
827 1381 1065 1421 turpitudinem
1084 1380 1218 1412 subeat‘.
1260 1381 1408 1413 Eandem
1425 1382 1486 1422 igi-

185 1441 240 1471 tur
265 1448 336 1471 rem
361 1438 442 1471 haec
467 1438 636 1471 enuntiata
661 1437 772 1470 finalia
805 1440 985 1481 exponunt,
1021 1438 1131 1472 verbis
1162 1441 1290 1472 tantum
1321 1438 1486 1473 diffenmt.

185 1499 254 1530 Iam
280 1508 358 1530 vero
384 1498 484 1530 talem
515 1498 734 1530 narrationem
766 1499 853 1530 iusto
884 1499 1065 1541 pleniorem
1095 1499 1123 1531 si
1157 1499 1228 1531 sine
1263 1500 1365 1531 altera
1397 1499 1488 1531 finali

186 1557 427 1590 constructione
453 1557 664 1601 haberemus,
694 1557 856 1590 ferremus
888 1558 1036 1600 quamvis
1068 1558 1179 1599 inviti,
1213 1558 1271 1591 sed
1302 1568 1321 1591 e
1352 1558 1488 1591 consilio

186 1617 326 1660 quodam
351 1627 455 1659 paene
481 1617 571 1650 idem
597 1617 771 1649 consilium
798 1617 906 1649 statim
932 1617 1051 1650 elicere
1076 1620 1114 1650 ut
1139 1617 1262 1660 aliquid
1287 1617 1378 1658 novi,
1412 1617 1486 1650 eius

185 1686 253 1707 non
278 1678 330 1707 est
356 1676 412 1717 qui
438 1675 568 1716 cogitet.
621 1676 730 1716 Auget
754 1678 864 1707 autem
891 1676 1120 1719 suspicionem,
1145 1676 1232 1717 quod
1257 1686 1323 1707 non
1361 1676 1486 1718 suppli-

187 1738 298 1767 catura
325 1734 474 1776 sepulcro
499 1734 554 1766 vel
580 1734 697 1766 Proteo
723 1734 848 1766 Helena
874 1737 934 1778 est,
960 1734 1018 1767 sed
1043 1734 1128 1766 nihil
1153 1734 1243 1766 aliud
1268 1734 1300 1767 ei
1325 1737 1376 1767 est
1401 1735 1486 1767 illud

186 1794 380 1835 sepulcrum
404 1793 470 1824 nisi
501 1793 692 1836 perfugium
729 1803 792 1834 quo
825 1793 1019 1824 defendatur
1049 1803 1068 1824 a
1094 1792 1336 1833 Theoclymeno
1366 1793 1486 1825 amoris

185 1851 394 1894 plenissimo,
420 1851 443 1883 i.
469 1860 498 1883 0.
525 1853 562 1882 ut
587 1851 729 1883 breviter
755 1850 861 1882 dicam
887 1847 1027 1891 ἄσυλον,
1060 1850 1146 1892 quod
1180 1851 1354 1892 quominus
1379 1851 1486 1883 laedat

186 1920 314 1943 summa
339 1910 498 1951 religione
525 1919 602 1942 eum
627 1909 734 1942 teneri
759 1919 825 1941 non
851 1909 988 1951 ignorat,
1020 1909 1059 1942 cf.
1086 1909 1185 1942 etiam
1222 1920 1251 1942 v.
1295 1912 1484 1944 1165—8.

184 1969 255 2001 Hoc
281 1965 406 2002 ἄσυλον
433 1969 618 2011 superiores
644 1968 709 2000 iam
736 1970 884 2010 spectant
908 1977 1024 1999 versus
1051 1969 1097 2001 60
1116 1977 1187 2010 sqq.

337 2030 383 2061 60
434 2026 498 2067 ἕως
525 2027 586 2072 μὲν
613 2023 670 2060 οὖν
696 2023 767 2072 φῶς
791 2023 889 2072 ἡλίου
914 2022 985 2059 τόδ’
1014 2024 1137 2069 ἔβλεπε

437 2082 607 2129 Πρωτεύς,
633 2082 758 2123 ἄσυλος
783 2082 805 2130 ἦ
831 2086 962 2130 γάμων·
988 2083 1062 2117 ἐπεὶ
1086 2083 1124 2117 δὲ
1150 2089 1209 2130 γῆς

439 2142 550 2189 σκότῳ
576 2141 770 2189 κέκρυπται,
797 2146 875 2185 παῖς
901 2140 919 2177 ὃ
944 2147 1004 2178 τοῦ
1030 2142 1241 2190 τεθνηκότος,

435 2203 529 2248 θηρᾷ
554 2208 670 2248 γαμεῖν
696 2214 748 2248 με.
774 2203 831 2236 τὸν
857 2201 963 2235 πάλαι
989 2199 1022 2234 δ’
1039 2201 1120 2247 ἐμὸν
1132 2203 1228 2235 πόσιν
1254 2201 1323 2234 κτλ.

267 2311 292 2349 1)
311 2309 455 2341 Numeris
477 2311 545 2340 utor
564 2309 756 2340 Nauckianis.
