1721 2783
816 80 861 112 32

179 195 248 227 tale
273 195 401 236 vitium,
426 197 464 227 ut
488 196 675 237 argumenti
690 196 771 235 loco,
797 206 862 238 quo
878 205 933 228 res
950 196 1114 238 quaedam
1129 196 1325 235 efficeretur,
1350 194 1490 229 eandem
1538 178 1550 197 ’ζ
1575 188 1619 244 ¹⁴(

180 264 254 286 rem
291 254 464 287 adhiberet
501 254 616 297 ipsam.
668 254 891 287 Histriom‘bus
934 256 1045 287 autem
1079 254 1164 287 hanc
1205 253 1490 297 interpolationem

180 312 301 352 tribuo,
326 313 420 344 cuius
445 313 534 345 color
558 313 655 355 plane
680 313 865 346 rhetoricus
891 313 990 346 caede
1015 313 1223 355 potissimum
1247 313 1334 346 ultra
1355 312 1490 346 modum

181 369 299 402 iactata
335 370 375 402 ad
393 370 645 402 commovendos
672 371 890 412 spectantium
907 371 1034 403 animos
1051 371 1220 413 quaesitus
1237 380 1311 403 esse
1329 359 1487 404 videatur.

181 428 310 461 Versus
335 432 445 462 autem
466 431 535 462 991
556 439 614 471 sq„
642 439 840 472 quamquam
858 428 965 462 colore
992 428 1096 461 simili
1121 431 1208 469 sunt,
1233 438 1299 462 non
1315 429 1356 462 ab
1373 429 1490 463 eodem

180 487 414 529 interpolatore
439 490 538 530 atque
564 497 684 520 versus
711 490 883 522 988--90
915 491 948 520 et
972 485 1116 522 993—5
1143 488 1257 530 scripti
1282 490 1375 529 sunt,
1413 499 1490 522 nam

178 555 253 577 rem
277 546 330 578 his
354 546 505 578 versibus
531 549 695 578 narratam
719 549 754 579 et
778 556 822 579 ex
837 547 988 579 versibus
1004 548 1172 579 975—87
1199 549 1364 588 sumptam
1388 547 1489 580 inter-

178 605 306 646 cipiunt
331 603 477 637 mediam
501 605 635 637 aliunde
662 605 719 647 (ex
746 607 815 639 948
845 605 930 647 sqq.)
956 606 1094 639 conficti.

280 671 406 712 Quibus
432 683 476 705 ex
500 673 647 715 partibus
672 673 775 705 altera
788 672 959 706 Theonoae
978 672 1079 705 oratio
1096 675 1232 713 constet,
1259 683 1324 715 qua
1340 672 1487 705 Helenae
1546 715 1553 718 χ

178 734 214 763 et
238 731 383 764 Menelai
407 732 562 774 precibus
587 732 774 775 respondet,
798 732 1003 764 Badhamum
1034 731 1112 764 audi
1136 734 1225 764 recte
1250 731 1486 764 disserentem:

181 789 272 830 ,Tres
298 792 450 822 recenset
475 790 643 830 Theon0a‚
684 790 725 822 ad
751 780 833 832 quos
858 790 1006 823 Helenae
1037 790 1203 822 restitutio
1228 790 1406 832 pertingat3
1451 799 1488 822 se

178 848 295 889 ipsam⁷
321 852 463 890 patrem⁷
505 849 649 882 fratrem.
701 850 810 891 Atque
848 850 910 882 hoc
935 850 1030 891 quasi
1055 848 1198 891 capitulo
1223 848 1359 881 orationi
1396 858 1488 891 prae-

178 907 292 948 misso,
317 907 425 939 fusius
450 917 523 940 rem
549 908 704 950 exsequi,
735 908 851 940 eodem
876 907 990 941 ordine
1030 909 1172 948 servato,
1209 907 1324 949 pergit.
1373 907 1488 949 Itaque

179 977 287 1008 usque
312 967 354 999 ad
383 970 476 1000 1006
506 967 616 1009 (1007
643 966 739 1009 ch.)
765 967 807 1000 de
826 977 875 1010 se,
898 967 1019 999 deinde
1045 967 1086 999 de
1111 969 1214 1010 patre,
1237 969 1309 999 tum
1333 967 1373 999 ab
1394 969 1486 1000 1017

177 1024 288 1066 (1018
316 1024 411 1065 ch.)
438 1025 479 1057 de
505 1025 605 1056 fratre
631 1025 785 1066 loquitur.
828 1025 923 1056 Hanc
947 1024 1155 1065 perspicuam
1194 1025 1315 1056 seriem
1340 1025 1489 1057 turbabat

176 1082 328 1126 ineptum
353 1083 437 1115 illud
463 1083 655 1129 φανήσομαι
671 1082 795 1126 (1001)
823 1092 887 1126 quo
912 1082 948 1114 in
973 1079 1157 1128 φανήσεται
1182 1084 1305 1114 mutato
1331 1082 1426 1115 effeci
1451 1085 1489 1115 ut

177 1142 332 1174 Theonoa
359 1146 393 1174 et
418 1140 635 1183 ταυτολογὶαν
673 1143 791 1175 vitaret
829 1145 863 1175 et
888 1152 925 1175 se
951 1142 1085 1183 dignam
1116 1142 1276 1175 rationem
1313 1142 1485 1175 redderet‘.

178 1199 275 1232 Unde
299 1201 452 1233 versibus
481 1203 574 1234 1018
603 1204 685 1233 extr.
704 1220 751 1224 —
771 1203 816 1233 21
844 1211 903 1232 cur
928 1200 1027 1232 etiam
1053 1200 1144 1231 fratri
1176 1201 1328 1232 restituta
1353 1201 1487 1242 coniugi

178 1259 308 1292 Helena
332 1259 502 1293 commodo
540 1269 619 1292 vero
658 1259 701 1292 sit
738 1258 830 1291 illam
855 1268 1020 1302 exponere
1047 1260 1144 1301 patet.
1195 1257 1282 1300 Ergo
1308 1259 1417 1291 verbis
1444 1255 1489 1300 ὡς

175 1314 236 1349 οὖν
261 1316 410 1361 περαίνω
437 1316 483 1362 μὴ
503 1317 636 1362 μακράν
655 1318 778 1360 (1017)
803 1328 870 1350 non
895 1318 935 1349 ab
952 1317 1156 1358 argumentis
1181 1317 1223 1349 ad
1245 1318 1372 1350 exitum
1389 1319 1487 1351 totius

176 1376 334 1408 orationis
359 1376 527 1419 finemque
551 1376 719 1417 transitur,
747 1376 806 1408 sed
831 1375 871 1407 ab
897 1375 1000 1407 altero
1025 1376 1218 1416 argumento
1245 1375 1299 1418 (de
1315 1376 1418 1419 patre)
1445 1377 1487 1408 ad

175 1436 313 1468 tertium
349 1436 448 1478 idque
474 1438 680 1478 postremum
717 1435 771 1478 (de
795 1434 925 1477 fratre):
969 1444 1097 1467 summa
1134 1434 1226 1467 finito
1264 1434 1398 1467 demum
1424 1435 1486 1468 hoc

175 1494 274 1526 tertio
299 1496 448 1527 membro
473 1495 624 1527 versibus
654 1497 758 1528 1022.
788 1497 808 1528 3
835 1494 1013 1526 indicatur:

440 1559 534 1596 αὐτοὶ
562 1563 623 1608 μὲν
651 1559 710 1596 οὖν
735 1559 792 1596 τιν’
826 1561 940 1600 ἔξοδόν
965 1561 1000 1605 γ’
1027 1559 1221 1607 supinitate„

441 1619 507 1665 ἐγὼ
534 1618 570 1655 δ’
600 1618 763 1655 &mordes
794 1619 948 1655 ἐκποδὼν
975 1618 1161 1668 σιγήσομαι.

175 1691 270 1723 Hanc
295 1692 401 1734 ipsam
428 1702 590 1725 summam
618 1692 740 1735 (1023)
766 1703 796 1724 v,
818 1694 985 1727 low—8
1013 1693 1190 1738 σιγήσομαι
1220 1689 1243 1725 ἅ
1260 1702 1323 1738 μου
1340 1690 1483 1729 καθικε-

175 1746 307 1783 ‘teneat'
335 1751 446 1793 inepte
473 1754 617 1794 occupat.
669 1751 745 1783 Huc
770 1751 914 1791 accedit,
958 1751 1045 1792 quod
1083 1751 1168 1783 intra
1193 1751 1357 1784 tantulum
1388 1751 1485 1793 spatii

173 1809 241 1841 duo
267 1819 383 1842 versus
408 1810 444 1841 in
468 1810 557 1842 idem
582 1810 776 1842 vocabulum
801 1810 979 1855 σιγήσομαι
1004 1812 1136 1842 exeunt.
1167 1809 1331 1851 Equidem
1355 1808 1484 1851 Euripi-

173 1867 252 1899 dem
278 1868 358 1900 haec
382 1871 510 1900 tantum
536 1870 710 1911 scripsisse
734 1869 892 1901 arbitror:

228 1938 333 1979 1017,
361 1938 381 1969 8
410 1933 458 1974 ὡς
484 1933 542 1969 οὖν
569 1937 715 1980 περαίνω
743 1937 789 1982 μὴ
817 1935 958 1981 μακράν,
985 1933 1024 1969 οὐ
1050 1937 1120 1979 (pro
1146 1933 1237 1979 οὐδὲ)
1263 1934 1374 1982 μωρίᾳ
1409 1934 1481 1968 κτλ.

175 2003 269 2044 Quod
294 2005 506 2038 enuntiatum
544 2007 639 2047 poeta
677 2015 753 2037 cum
783 2007 878 2038 1020
904 2014 951 2047 sq.
990 2007 1058 2037 tam
1094 2006 1164 2037 arte
1191 2004 1324 2047 (leviter
1355 2006 1483 2037 tantum

173 2066 248 2104 post
272 2072 407 2094 versum
427 2065 520 2096 1019
539 2063 758 2105 interpuncto)
785 2073 839 2108 me
864 2063 973 2096 iudice
990 2064 1144 2104 coniungi
1160 2063 1316 2103 voluerat,
1341 2065 1378 2095 ut
1395 2071 1483 2103 ,cum

174 2122 267 2154 fratri
305 2121 405 2154 stulto
443 2132 511 2154 non
540 2122 717 2164 obsequor,
756 2122 925 2154 commodo
961 2122 1034 2156 eius
1070 2122 1185 2154 servio‘
1222 2121 1482 2162 intellegeretur,

173 2182 282 2214 Huius
307 2182 409 2223 igitur
424 2182 514 2214 tertii
539 2182 724 2224 argumenti
749 2191 825 2224 pars
842 2181 1036 2224 gravissima
1052 2191 1151 2214 versu
1177 2183 1273 2215 1020
1291 2178 1481 2225 (εὒεργετῶ)

171 2241 368 2273 continetur.
395 2241 562 2273 Falsarius
587 2245 698 2274 autem
725 2251 803 2273 cum
828 2242 865 2273 in
881 2241 1032 2274 versibus
1063 2243 1155 2274 1018
1164 2242 1257 2274 b—9
1284 2241 1385 2273 totius
1412 2250 1480 2273 ora-

170 2300 271 2333 tionis
298 2311 462 2335 summam
488 2300 639 2333 invenire
666 2301 728 2334 sibi
753 2299 858 2341 visus,
899 2310 962 2343 qua
988 2310 1024 2333 re
1051 2300 1201 2333 Theonoa
1227 2300 1302 2332 illos
1327 2299 1480 2331 adiutura
