1721 2777
207 188 280 217 tum
306 189 367 225 est,
393 187 432 218 cf.
459 187 490 218 Π
508 186 576 229 ·Β.),
601 187 639 218 fr.
668 190 749 228 7810,
783 189 914 228 45—9‚
940 188 1062 220 Phoen.
1087 190 1248 222 270—3:
1280 188 1372 231 prius
1397 191 1534 227 enum-‚-

208 244 306 276 finale
331 244 453 286 pendet
478 254 521 277 ex
545 245 644 278 verbo
669 245 819 286 timendi,
844 246 1019 278 verborum
1037 245 1126 278 enim
1142 245 1282 279 timendi
1299 247 1516 280 constructio-

208 314 268 337 nes
307 314 384 337 vere
421 307 499 337 sunt
523 305 653 346 finales,
686 305 808 348 quippe
834 315 909 338 cum
934 306 983 339 rei
1008 316 1106 348 quam
1130 306 1268 340 timeant
1292 309 1329 340 ut
1353 307 1410 340 fiat
1436 316 1516 340 con·

209 363 345 395 trarium
371 363 486 396 Graeci
514 363 559 406 (et
583 364 735 406 Romani)
764 374 837 397 sese
864 367 1016 396 curantes
1041 365 1168 396 faciant.

307 423 360 456 IB.
411 423 519 456 Paene
546 423 662 456 eadem
687 433 741 456 res
767 426 828 465 est,
855 423 884 456 si
909 423 1045 457 alterius
1070 423 1162 457 verbi
1189 423 1289 467 ‚finiti‘
1316 424 1386 458 loco
1412 425 1515 468 parti·
1573 465 1575 467 ¹

209 483 330 523 cipium
356 483 478 522 legitur
503 483 603 514 verbo
629 483 720 514 finito
746 483 811 523 ipsi
836 483 1045 522 adiunctum,
1084 483 1207 514 etenim
1247 484 1276 514 si
1314 486 1511 516 contractam
1565 484 1568 487 '

210 542 405 571 structuram
444 540 694 583 resoloerimus,
730 540 795 572 duo
834 540 933 573 verba
971 540 1062 572 finita
1091 540 1284 572 habebimus
1309 543 1407 583 atque
1432 541 1516 575 inde

209 600 384 641 pendentia
411 599 541 641 singula
567 600 736 632 enuntiata
761 600 888 632 finalia:
916 598 969 632 Or.
998 601 1190 633 799—802

359 663 439 698 ἀλλ’
467 663 589 708 ἔπειγ’,
617 663 662 706 ὡς
689 665 734 711 μή
763 677 801 699 σε
828 666 957 710 πρόσθε
984 666 1097 713 ψῆφος
1119 663 1274 710 Ἀργείων
1301 665 1362 712 ἕλῃ

357 724 549 770 περιβαλὼν
576 724 733 770 πλευροῖς
760 724 867 772 ἐμοῖσι
892 724 1020 770 πλευρὰ
1046 725 1179 773 νωχελῆ
1205 725 1311 772 νόσῳ·

359 784 403 826 ὡς
430 785 494 828 ἐγὼ
522 783 571 819 δι’
601 784 722 826 ἄστεός
748 796 786 819 σε
815 786 938 831 σμικρὰ
964 785 1143 832 φροντίζων
1170 784 1276 831 ’ὄχλου

360 843 457 878 οῦδὲν
485 842 682 890 αἰσχυνθεὶς
709 842 838 890 ὀχήσω.

210 905 258 936 sic
286 904 459 936 solw'mus:
490 900 568 937 ἀλλ’
598 900 717 945 ἔπειγ’,
746 901 790 943 ὡς
817 902 863 948 μή
892 914 930 936 σε
958 929 965 936 .
994 929 1000 935 .
1030 929 1037 935 .
1066 903 1138 948 ἕλῃ,
1166 903 1224 936 καὶ
1241 902 1402 947 περίβαλε
1430 929 1437 935 .
1466 929 1473 935 .
1502 928 1513 935 .

210 960 256 1003 ὡς
283 960 415 1008 ὀχήσω.
468 963 561 995 Adde
587 962 682 995 Herc.
712 964 868 1006 38—43,
893 962 943 995 El.
973 965 1151 996 95—100.
1195 1007 1198 1009 d

308 1033 348 1064 ΙΙ.
399 1032 508 1064 Etiam
534 1032 591 1064 uni
616 1033 715 1064 verbo
740 1032 849 1064 addita
874 1032 1006 1063 invenio
1032 1042 1097 1063 uno
1124 1030 1218 1073 plura
1244 1032 1410 1064 enuntiata
1432 1033 1515 1063 fina-

209 1091 262 1122 lia.
294 1091 331 1122 A.
363 1091 471 1132 Atque
499 1091 580 1122 ratio
605 1090 703 1121 huius
729 1090 776 1121 rei
803 1090 879 1121 talis
905 1099 981 1122 esse
1007 1092 1122 1131 potest,
1148 1092 1185 1121 ut
1210 1099 1228 1122 e
1255 1090 1395 1122 diversis
1412 1090 1516 1122 rebus

213 1151 282 1192 (aut
307 1150 468 1192 personis)
497 1150 604 1182 eidem
630 1146 730 1182 verbo
755 1149 919 1181 attributis
945 1149 1112 1182 enuntiata
1141 1149 1250 1181 finalia
1275 1149 1439 1191 pendeant
1463 1149 1516 1181 di-

212 1219 316 1241 versa.
369 1209 470 1241 Cuius
496 1209 629 1249 generis
655 1209 738 1240 duae
765 1209 887 1240 formae
912 1208 1006 1240 nobis
1032 1211 1214 1240 occurrunt.
1265 1208 1396 1240 Etenim
1429 1208 1516 1239 divi·

213 1268 302 1299 ditur
327 1267 362 1299 in
387 1270 496 1309 partes
522 1267 669 1299 diversas
695 1269 751 1299 aut
782 1266 824 1309 (a)
850 1276 952 1308 agens
984 1275 1124 1309 persona
1156 1266 1228 1310 ipsa
1258 1266 1350 1299 verbi
1381 1268 1437 1298 aut
1464 1265 1513 1309 (b)

212 1327 395 1359 obiectum:
422 1326 510 1358 unde
536 1326 665 1358 diversa
691 1325 845 1367 pendent.

361 1393 391 1433 a)
419 1393 530 1435 Suppl.
559 1394 701 1425 232-6

955 1458 1073 1501 οἵτινες
1099 1462 1277 1506 τιμώμενοι

450 1517 607 1563 χαίρουσι
633 1516 802 1564 πολέμους
827 1515 858 1552 τ’
888 1516 1067 1556 αὒξάνόυσ’
1097 1516 1175 1552 ἄνευ
1203 1518 1300 1564 δίκης

451 1576 649 1623 φθείροντες
676 1574 805 1620 ἀστούς,
832 1574 850 1610 ὀ
878 1578 938 1622 μὲν
967 1574 1059 1617 ὅπως
1085 1576 1306 1622 στρατηλατῇ,

454 1634 471 1669 ὁ
499 1632 531 1668 δ’
561 1633 607 1673 ὡς
632 1632 747 1680 ὑβρίζῃ
776 1632 913 1681 δύναμιν
940 1633 985 1675 εἰς
1010 1640 1129 1680 χεῖρας
1155 1635 1276 1679 λαβὼν,

450 1692 553 1735 ἄλλος
580 1693 617 1727 δὲ
644 1692 785 1738 κέρδους
812 1690 923 1728 οὕνεκ’

362 1765 393 1806 b)
421 1764 532 1806 Suppl.
562 1765 740 1797 203—10.

312 1824 348 1855 B.
383 1821 515 1856 Deinde
541 1823 605 1854 duo
631 1823 798 1855 enuntiata
822 1823 932 1854 finalia
957 1822 1170 1855 inveniuntur
1194 1822 1235 1854 ad
1257 1832 1360 1854 unum
1377 1821 1516 1853 verbum

211 1870 256 1914 ita
283 1882 437 1925 apposita,
463 1884 500 1914 ut
525 1881 666 1914 alterum
693 1891 735 1913 ex
760 1881 821 1913 hoc
846 1881 945 1913 verbo
977 1881 1133 1924 pendeat,
1164 1881 1304 1914 alterum
1334 1890 1401 1913 non
1432 1889 1517 1922 pen-

212 1942 296 1981 deat⁷
324 1941 381 1973 sed
407 1940 634 1972 intercalatum
661 1940 719 1982 sit,
748 1939 782 1971 id
814 1940 900 1981 quod
929 1940 990 1972 hoc
1026 1941 1121 1972 modo
1146 1940 1428 1982 interpretandum
1454 1942 1521 1981 est,

213 2003 250 2031 ut
276 1999 446 2040 cogitando
472 1999 537 2030 tale
563 1999 700 2030 verbum
726 1998 900 2029 subaudias
926 1998 1022 2039 quale
1048 1995 1144 2038 λέγω.

265 2067 336 2100 Tro.
368 2068 534 2101 1265—8

451 2123 542 2172 ὑμεῖς
569 2122 615 2165 δ’,
643 2122 688 2158 ἵν’
717 2121 817 2163 αὐτὸς
842 2124 942 2167 λόγος
968 2125 1031 2170 ἔχῃ
1060 2126 1193 2171 μορφὰς
1220 2122 1291 2165 δύο,

449 2188 603 2229 χωρεῖτε,
631 2181 756 2227 Τρώων
782 2183 908 2224 παῖδες,
937 2209 943 2216 .
973 2209 979 2216 .
1009 2209 1015 2216 .

450 2245 534 2290 πρὸς
560 2248 639 2285 ναῦς
662 2240 817 2289 Ἀχαιῶν,
845 2240 891 2282 ὡς
917 2240 1175 2290 ἀποστέλλησθε
1202 2248 1275 2290 γῆς.

209 2306 305 2337 Adde
332 2305 411 2337 Hec.
444 2306 621 2337 1243—5.
