1721 2783
660 521 1040 609 Appenninum.

298 711 351 744 Ex
374 712 448 744 aliis
473 712 577 745 tribus
601 711 768 754 Euripidis
793 711 912 745 fabulis
938 711 1086 753 singulos
1110 711 1201 744 locos
1225 711 1349 744 eiciam.
1389 736 1392 738 —

297 769 510 809 Baccharum*
534 780 651 803 versus
691 772 858 804 239—41
886 769 1108 802 Kirchhoffius
1132 772 1207 812 post
1240 771 1310 802 246
1348 768 1499 815 collocari

199 827 300 868 iubet,
325 831 399 870 post
425 830 494 862 247
514 828 704 869 Sehoenius,
731 830 900 871 suspectos
924 816 1183 860 Middendorfius
1208 827 1334 860 observ.
1360 827 1395 859 in
1420 826 1498 859 Eur.

196 885 314 920 Bacch.
341 897 372 929 p.
399 889 421 920 4
448 896 496 929 sq.
522 888 627 920 habet.
654 886 718 927 Qui
743 896 858 920 omnes
884 896 1082 929 quamquam
1106 887 1142 918 in
1158 887 1308 920 versibus
1328 888 1496 920 239—47

198 945 320 987 optimo
341 945 416 987 jure
441 946 627 987 haeserunt,
652 949 775 979 rectam
801 945 999 978 emendandi
1024 945 1111 978 viam
1149 945 1294 987 ingressi
1319 955 1386 978 11011
1412 948 1497 978 sunt-

195 1003 302 1037 11111110
326 1013 442 1037 versus
469 1006 612 1038 242—'7
620 1004 646 1047 1)
665 1005 768 1047 spurii
786 1007 872 1037 sunt.
905 1005 954 1036 Ac
970 1004 1112 1046 primum
1129 1004 1263 1046 quidem
1288 1004 1330 1037 de
1346 1005 1496 1037 versibus

197 1063 343 1095 242--5
370 1063 604 1104 disputandum
628 1066 688 1095 est.
740 1062 804 1102 Qui
829 1063 1034 1104 disciplinam
1059 1062 1228 1094 continent
1251 1065 1317 1093 mm
1335 1072 1495 1102 arcanam,

195 1123 234 1153 ut
258 1118 441 1154 Pentheus·
454 1131 520 1154 non
532 1122 628 1155 modo
652 1131 720 1154 non
736 1121 883 1154 initiatus
907 1121 1077 1163 mysteriis
1104 1120 1163 1154 sed
1179 1121 1278 1154 etiam
1294 1123 1496 1163 contemptor

195 1178 318 1210 Bacchi
355 1179 398 1212 de
422 1180 483 1211 hac
521 1190 558 1212 re
594 1190 637 1211 ne
662 1180 827 1212 audivisse
866 1180 1001 1221 quidem
1032 1180 1144 1221 possit.
1196 1179 1392 1211 Conferendi
1418 1182 1496 1210 sunt

194 1245 312 1269 versus
338 1239 519 1278 465——79‚
543 1237 632 1270 unde
656 1237 741 1270 nihil
764 1238 875 1270 arcani
899 1247 976 1270 eum
1002 1237 1086 1270 scire
1109 1239 1206 1280 patet.
1232 1237 1341 1279 Atque
1365 1247 1402 1270 re
1418 1247 1495 1270 vera

194 1305 249 1328 res
265 1295 484 1329 Bacchanales
502 1297 735 1339 interpretatur
750 1296 932 1329 naturalem
957 1296 993 1328 in
1010 1296 1160 1329 modum:
1189 1296 1293 1338 stupri
1318 1296 1494 1338 cupiditate

193 1355 333 1387 feminas
359 1355 528 1388 Thebanas
565 1355 607 1387 ad
641 1355 863 1388 bacchantium
899 1355 1017 1387 adduci
1041 1355 1224 1387 arbitratur.
1274 1354 1325 1387 Ne
1351 1354 1494 1388 Tiresias

192 1413 343 1456 quidem,
368 1414 426 1456 qui
450 1414 550 1447 deum
574 1424 693 1447 novum
720 1414 828 1447 colere
853 1414 1000 1456 animum
1024 1413 1170 1457 induxit,
1201 1414 1380 1456 quidquam
1404 1414 1494 1446 aliud

192 1472 358 1515 praedicat
381 1472 447 1505 nisi
472 1482 520 1514 ea,
546 1483 630 1515 quae
655 1473 759 1505 oquis
784 1474 962 1505 cernuntur
992 1475 1049 1505 aut
1074 1472 1226 1505 sensibus
1251 1472 1491 1515 percipiuntur:

193 1541 260 1565 non
284 1531 326 1564 de
351 1531 517 1564 miraculis
528 1530 570 1574 2),
609 1532 669 1564 sed
694 1531 736 1564 de
760 1534 876 1564 natm-a
899 1531 971 1573 ipsa
1003 1531 1074 1563 vini
1098 1531 1286 1573 innatisque
1311 1531 1343 1564 ei
1367 1531 1493 1564 viribus

192 1591 378 1624 naturalem
415 1591 451 1623 in
480 1590 612 1623 modum
650 1590 784 1623 disserit
807 1591 952 1632 itemque
991 1591 1067 1622 vino
1098 1590 1238 1623 feminas
1275 1590 1316 1622 ad
1343 1593 1493 1633 stuprum

193 1650 276 1683 illici
300 1653 408 1692 negat.
459 1649 549 1690 Quae
575 1650 658 1683 ratio
694 1649 782 1683 inter
806 1659 923 1683 versus
951 1652 1020 1683 246
1049 1659 1097 1692 sq.
1135 1653 1170 1682 et
1195 1650 1362 1692 superiora
1400 1650 1491 1693 (inde

192 1719 212 1741 a
237 1720 267 1741 v,
295 1708 378 1751 216)
403 1709 585 1741 intercedat
609 1709 787 1741 videamus.
838 1709 1017 1751 Pentheus,
1041 1708 1127 1750 quod
1152 1708 1293 1741 feminae
1319 1709 1491 1741 Thebanae

275 1846 299 1882 ¹)
320 1844 390 1874 Sero
404 1844 599 1874 novissimam
621 1844 742 1882 inspexi
755 1844 945 1874 Baccharum·
962 1844 1125 1873 editionem
1145 1853 1162 1873 a
1175 1844 1335 1874 Wecklino
1348 1847 1489 1881 curatam,

193 1894 247 1932 qui
261 1893 380 1923 eosdem
393 1900 500 1923 versus
511 1892 628 1922 242--7
644 1893 770 1923 damnat.
792 1892 843 1922 Sic
856 1901 983 1931 quoque⁷
1005 1901 1080 1931 quae
1094 1901 1149 1930 ego
1164 1892 1202 1922 de
1216 1893 1273 1923 hoc
1286 1892 1352 1923 loco
1372 1894 1490 1931 scripsi,

193 1948 271 1975 stare
293 1944 426 1982 possunt.
690 1963 693 1965 <
995 1943 998 1947 “
1065 1943 1067 1946 ’

273 1994 298 2031 2)
318 1993 355 2023 V.
377 1993 513 2023 286—97
535 2002 605 2023 cum
626 1992 659 2022 G.
680 1992 833 2023 Dindorfio
855 1992 974 2022 delendi
994 1995 1074 2023 sunt.
1096 1993 1143 2022 Ex
1164 1993 1282 2030 paredo,
1302 1992 1489 2022 Baochnmm

192 2045 326 2082 ipsarum
346 2043 476 2073 carmine
490 2042 540 2080 (of.
552 2041 691 2079 88-98),
712 2050 760 2071 res
775 2043 892 2079 sumpta
905 2050 972 2072 esse
985 2041 1062 2071 mihi
1076 2041 1204 2072 videtur.
1226 2042 1324 2079 Atque
1335 2041 1487 2071 Bacchum

193 2093 222 2122 ὲν
242 2096 325 2132 μηρῷ
347 2091 411 2126 Διὸς
431 2091 550 2130 ῥαφὲντα
580 2089 718 2120 falsarius
748 2090 865 2120 duobus
885 2090 995 2128 etymis
1029 2090 1199 2128 insequitur
1218 2091 1325 2121 misere
1357 2091 1436 2121 inter
1456 2100 1488 2121 se

191 2142 311 2172 mixtis:

746 2202 779 2214 =
803 2190 831 2219 ὲν
851 2193 928 2230 μέρει
950 2190 1068 2227 αἰθέρος
1089 2190 1188 2230 ραφείς

745 2250 779 2263 =
802 2239 911 2278 ὅμηρος
931 2239 968 2268 ab
988 2238 1060 2268 Iove
1080 2239 1190 2269 Iunoni
1209 2239 1336 2268 traditus

856 2290 990 2327 (etymon
1009 2288 1257 2326 ineptissimum).

352 2217 377 2245 ἐν
397 2220 479 2254 μηρῷ
501 2215 565 2252 Διὸς
586 2215 683 2254 ῥαφεῑς
702 2195 723 2273 {
