1721 2783
800 74 855 109 ,30

176 190 312 232 egregia
346 189 603 232 argumentatio,
654 201 720 234 qua
769 201 789 223 a
830 190 977 224 necando
1017 189 1077 223 illa
1112 190 1325 225 deterreatur.
1378 180 1491 232 Quare

177 248 350 281 Schmidtii
376 249 563 281 coniectura
589 247 781 287 δυσκλεεῖς
812 249 875 293 γὰρ
902 247 941 282 οἷ)
966 252 1094 287 κτενεῖς
1119 252 1154 282 et
1177 249 1396 283 Herwerdeni
1421 248 1485 283 δτι-ὲ
1537 293 1540 294 ⁷

177 305 288 339 σκλεᾶ
314 306 542 349 (mnemosyne
567 307 617 340 IV
642 319 672 350 p.
701 307 785 350 381)
811 308 997 341 reiciendas
1023 310 1110 340 sunt.
1149 307 1279 341 Deinde
1304 308 1401 351 quod,
1427 307 1488 351 qui
1511 295 1534 305 '⁴

176 366 369 398 adverbium
394 367 493 399 verbo
524 367 629 399 activo
659 371 789 405 κτενεῖς
825 367 1018 400 adiunctum
1048 367 1089 399 ad
1120 369 1274 409 agentem
1310 377 1489 410 personam
1519 369 1544 376 “

176 424 387 456 referendum
424 433 499 456 esse
537 427 627 457 recte
667 425 849 466 intellexit,
891 425 1083 458 adverbium
1113 425 1274 457 adjectivo
1313 423 1496 466 δυσκλεεῖς

177 480 349 525 (δυσκλεᾱ)
376 485 581 516 commutans
607 485 709 516 totam
734 493 806 517 rem
831 483 1068 527 permutavisse
1099 483 1161 516 sibi
1179 482 1354 525 ’'videturs
1371 493 1484 527 repre-

176 542 302 574 hendo:
328 542 374 574 i‘oe.
401 542 490 574 enim
515 542 668 584 intellegi
694 543 775 586 vult,
801 543 897 585 quasi
928 543 1017 585 legat
1047 539 1087 575 οἶ)
1120 539 1293 582 δυσκλεεῖς
1323 541 1487 576 &aveb-

178 599 311 646 μεθα,
339 611 438 643 qnam
463 600 532 633 vim
558 601 609 634 illi
636 602 804 635 enuntiato
830 601 910 635 satis
935 602 1060 635 incerto
1085 601 1196 635 inesse
1222 611 1317 644 nego,
1353 600 1487 635 Etenim
1588 602 1669 637 ³113>

178 670 262 702 quae
289 660 441 701 exempla
458 659 485 701 1)
512 661 554 692 ad
580 661 725 701 gloriose
749 661 786 692 in
811 661 925 693 mortis
961 660 1154 693 discrimine
1179 660 1370 693 interituros
1412 670 1486 703 spe-

177 718 296 750 ctantia
321 728 351 759 p.
382 720 451 751 104
478 719 628 760 praebet,
662 719 692 751 si
724 718 795 751 loeo
821 721 932 750 nostro
956 718 998 750 de
1024 718 1165 759 gloriosa
1191 721 1296 750 morte
1320 720 1487 761 ageretur,

176 786 243 809 non
268 780 403 816 κτενεῖς,
431 776 490 809 sed
515 773 723 822 θανούμεθα
756 777 966 810 scribendum
997 776 1104 809 fuisse
1138 776 1218 809 satis
1249 777 1484 810 demonstrant.

177 835 292 876 Itaque
325 845 401 866 cum
433 839 560 875 κτενεῖς
592 835 760 878 legamus,
792 836 834 867 de
864 835 923 868 illa.
954 835 1097 876 gloriosa
1128 837 1233 867 morte
1258 835 1395 876 cogitari
1420 844 1488 867 non

178 896 297 937 potest.
348 893 388 925 Id
414 894 503 935 quod
527 896 595 926 tota
621 894 683 927 hac
708 894 864 926 orationis
895 896 987 936 parte
1018 893 1096 926 inde
1132 903 1151 925 a
1183 903 1284 926 versu
1311 895 1380 927 975
1412 902 1487 935 pen-

180 955 316 985 tractata
341 952 387 984 ita
412 952 620 985 intellectum
646 953 849 995 habebimus,
874 955 911 985 ut
935 952 1019 984 nihil
1043 952 1134 984 dubii
1159 952 1383 994 relinquatur:
1415 951 1487 985 Me-

183 1011 311 1053 nelaus,
337 1011 365 1042 si
392 1021 475 1042 uxor
499 1011 563 1053 ipsi
589 1011 757 1053 eripiatur,
783 1021 859 1043 oum
877 1010 1119 1052 Theoclymeno
1143 1010 1230 1043 vitae
1244 1010 1392 1053 periculo
1410 1000 1485 1043 sese

179 1080 254 1103 esse
279 1070 522 1102 decertaturum
547 1072 615 1112 aut,
641 1070 669 1101 si
694 1069 752 1102 ille
778 1069 946 1102 occasione
971 1069 1159 1102 decertandi
1185 1079 1251 1102 non
1276 1069 1350 1101 data
1376 1068 1487 1111 sepul-

179 1138 234 1161 cro
260 1128 355 1169 quasi
380 1128 473 1168 asylo
498 1130 603 1159 tectos
630 1127 717 1159 fame
743 1137 882 1160 enecare
907 1127 1062 1167 voluerit,
1099 1136 1238 1159 uxorem
1263 1129 1297 1159 et
1322 1135 1358 1159 se
1384 1127 1487 1159 inter-

179 1188 342 1220 fecturum
367 1187 527 1226 minatur,
558 1196 699 1228 quarum
724 1187 889 1219 minarum
914 1188 1040 1229 partem
1064 1185 1307 1227 gravissimam,
1341 1195 1405 1227 qua
1430 1195 1486 1227 po-

178 1246 346 1278 tissimum
371 1245 557 1277 Theonoam
585 1245 626 1276 ad
654 1245 795 1277 salutem
819 1245 901 1287 ipsis
926 1244 1095 1277 ferendam
1111 1244 1312 1276 adducturus
1330 1243 1384 1286 sit,
1409 1244 1487 1285 quis

180 1307 232 1337 est
256 1303 338 1346 quin
362 1303 473 1336 videat
497 1312 573 1336 esse
601 1303 636 1335 in
661 1303 716 1335 his
739 1303 865 1336 verbis:

232 1364 376 1395 985—7
947 1358 1160 1404 κεισόμεσθα
1186 1358 1223 1393 δὲ

468 1420 577 1464 νεκρὼ
604 1416 658 1452 δί)’
687 1417 766 1466 ἑξῆς
790 1415 871 1465 τῷδ’
900 1417 955 1453 ἐπὶ
980 1418 1084 1464 ξεστῷ
1110 1416 1206 1465 τάφῳ

475 1476 649 1512 ἀθάνατον
676 1475 778 1520 ἄλγος
804 1479 867 1520 σοί,
893 1477 996 1522 ψόγος
1022 1476 1058 1511 δὲ
1085 1482 1134 1522 σῷ
1161 1474 1267 1520 πατρί.
1293 1478 1308 1508 ?

181 1538 309 1571 Versus
335 1541 446 1571 autem
477 1538 693 1582 insequentes
720 1538 930 1582 (988—90)
961 1539 1045 1572 nihil
1074 1538 1207 1572 omnino
1237 1537 1315 1571 novi
1346 1537 1487 1571 afferunt

181 1598 223 1630 ad
248 1598 517 1630 commovendam
542 1598 643 1639 illam,
671 1599 730 1631 sed
756 1599 918 1631 moriendi
943 1599 1118 1631 consilium
1143 1597 1294 1630 versibus
1322 1599 1391 1631 982
1411 1607 1485 1639 sqq.

181 1657 413 1689 denuntiatum
444 1659 607 1699 repetunt.
660 1656 781 1697 Quodsi
816 1657 967 1690 versibus
995 1659 1063 1691 991
1084 1666 1131 1699 sq.
1164 1656 1284 1689 deletis
1315 1656 1352 1688 in
1384 1665 1486 1689 versu

184 1719 253 1750 993
280 1726 340 1759 pro
364 1716 447 1748 falso
478 1711 518 1748 οἳ)
552 1716 781 1759 scripserimus
815 1716 875 1758 ‚ob‘
893 1716 919 1760 2)
947 1735 993 1741 -
1019 1716 1174 1759 equidem
1199 1715 1248 1748 sic
1273 1715 1399 1748 conicio
1424 1717 1499 1754 ———,“

181 1775 426 1807 conclusionem
458 1775 667 1816 habebimus,
698 1778 735 1807 ut
766 1778 906 1817 oportet,
938 1785 981 1808 ex
1006 1776 1068 1807 hac
1092 1773 1301 1817 (988-90)
1328 1773 1486 1806 orationis

181 1837 284 1877 parte,
307 1844 374 1866 non
399 1833 532 1866 aliunde
557 1833 708 1876 petitam:
750 1834 925 1875 ,interfice,
956 1834 981 1866 si
1009 1833 1070 1867 tibi
1101 1832 1224 1876 placet:
1264 1831 1484 1874 ignominiose

182 1893 272 1924 enim
298 1895 334 1924 tu
359 1892 538 1924 interficies
564 1892 778 1934 (ignominiae
804 1893 895 1925 enim
920 1892 1039 1925 caedes
1052 1892 1115 1925 erit
1131 1891 1221 1934 tibi):
1248 1891 1357 1933 potius
1375 1894 1485 1923 tamen

181 1952 265 1984 meis
290 1951 478 1994 obtempera
502 1951 623 1992 verbis,
650 1953 687 1983 ut
713 1951 759 1983 sis
785 1951 873 1983 iusta
898 1953 932 1983 et
957 1960 1094 1983 uxorem
1119 1960 1181 1992 ego
1198 1947 1373 1992 accipiam‘.
1406 1948 1487 1981 Pre-

181 2010 282 2043 mitur
307 2010 396 2043 enim
422 2010 458 2042 in
482 2009 586 2043 altera
612 2019 730 2043 versus
757 2011 827 2044 993
854 2012 947 2053 parte
964 2007 1136 2047 δυσκλεῶς
1161 2008 1315 2050 maxime,
1342 2007 1487 2041 secundo

264 2124 289 2162 ¹)
311 2124 359 2154 Or.
382 2124 450 2162 786,
482 2124 551 2155 Her.
583 2124 653 2162 534,
684 2124 749 2155 Alc.
774 2124 844 2162 150,
866 2123 943 2161 725,
978 2123 1149 2162 Oy01.-.‘.201,
1180 2123 1289 2153 Aeseh.
1311 2122 1367 2160 Ag.
1390 2121 1477 2153 1303.

181 2175 268 2205 Addo
299 2174 332 2203 in
352 2183 449 2204 meam
468 2175 582 2212 partem
605 2174 669 2204 Alc.
702 2173 770 2211 292,
803 2174 871 2212 938,
902 2173 994 2212 Hipp.
1015 2173 1073 2203 687
1095 2182 1150 2212 sq„
1181 2172 1270 2211 1028,
1291 2171 1394 2211 (Rhes.
1416 2171 1485 2209 752,

183 2223 250 2260 758,
272 2223 352 2260 761),
373 2223 437 2253 Tro.
458 2223 516 2252 401
540 2232 584 2261 sq.
664 2225 666 2227 '

262 2272 285 2308 2)
305 2272 458 2310 Reiskius,
479 2281 549 2303 oum
570 2270 620 2303 οὖν
650 2282 703 2311 pro
725 2272 757 2303 οὔ
779 2272 915 2311 scripsit,
945 2273 1058 2302 rectam
1085 2271 1263 2302 emendandi
1293 2271 1376 2301 viam
1406 2269 1487 2300 certe

182 2323 337 2361 ingressus
358 2339 396 2344 —
418 2322 451 2352 οὔ
472 2323 553 2352 enim
573 2322 740 2352 tollendum
761 2331 827 2353 esse
848 2322 1002 2360 perspexit
1023 2338 1060 2344 —
1087 2322 1125 2351 ad
1145 2321 1235 2351 finem
1256 2329 1316 2350 non
1336 2318 1483 2357 pervenit.
