1721 2783
836 75 883 107 34

204 299 433 349 tum'demum,
456 308 513 340 ubi
526 308 597 340 loeo
609 308 784 342 remotiore
800 308 939 351 quodam
957 307 1110 349 constitit,
1128 307 1225 340 illum
1242 307 1351 341 locum
1367 309 1520 353 priorem'
1542 311 1553 315 ”

204 366 381 409 reliquisse
393 369 483 398 recte
493 365 639 398 dicitur?
669 367 798 409 Nempe
812 368 932 407 statim,
949 377 1026 399 eum
1040 366 1211 408 paululum
1225 367 1341 398 abest?
1365 367 1408 400 Si
1432 377 1516 400 vero

205 426 279 469 quis
297 436 373 459 eum
385 425 543 459 Barnesio
561 425 661 459 verba
679 429 746 459 τῶν
764 421 836 459 κατ’
852 421 994 470 οὐρανὸν
1007 423 1120 472 δόμων
1133 421 1263 470 κλέψας
1276 421 1382 472 δέμας
1394 423 1455 460 σὸν
1466 426 1511 461 de
1589 464 1611 471 ,V
1651 467 1657 472 s

205 484 379 517 simulacro
404 485 563 517 Helenae·
578 494 621 517 ex
637 485 770 517 aethere
784 485 923 517 conficto
939 486 1025 517 diota
1042 494 1116 518 esse
1132 484 1319 528 arbitrem,
1343 485 1374 518 is
1391 486 1511 527 omnia,
1544 492 1547 494 “
1618 477 1648 488 ”

203 544 302 576 etiam
328 554 412 587 quae
438 543 588 587 expediri
613 546 788 586 nequeant,
815 553 874 577 suo
899 544 1033 577 arbitrio
1058 546 1092 577 et
1115 546 1200 576 nutu
1225 544 1386 587 expediat.
1422 543 1510 578 Nam
1633 540 1641 547 ’

202 600 342 647 κλέψας,
369 604 396 636 si
422 604 467 636 ita
491 604 738 646 interpreteris,
781 606 833 636 est
856 604 1053 647 absurdum,
1084 614 1160 636 cum
1185 613 1251 637 non
1276 603 1407 645 furtim,
1449 602 1510 638 sed

203 662 284 695 deae
310 663 404 695 iussu
430 662 615 695 Mercurius
640 662 724 694 illud
749 672 768 695 e
793 663 884 695 eaelo
910 662 955 705 (l)
980 662 1161 694 abstulerit.
1193 662 1283 694 Num
1309 672 1362 703 ,ex
1386 662 1509 695 meles-

202 721 292 753 fibus
317 719 477 754 domibus‘
516 720 652 754 auferri>
671 723 760 754 reete
793 720 827 753 id
857 721 1083 764 perhibeatur,
1120 720 1207 764 quod
1239 730 1282 754 ex
1306 721 1439 754 aethere
1465 721 1512 754 sit

202 781 376 812 confictum
387 780 426 823 1),
452 790 649 822 magnopere
676 780 798 813 dubito.
847 780 1002 822 Denique
1041 778 1146 824 δέμας
1177 783 1228 813 est
1260 778 1406 823 ,corpus‘‚
1442 789 1509 812 non

202 839 443 882 ‚simulacrum
470 838 545 872 Non
569 839 656 872 male
668 839 856 872 Badhamus
882 838 1001 872 conicit
1025 843 1076 884 τῷ
1102 834 1172 872 κατ’
1201 834 1340 884 οὐρανὸν
1366 836 1511 885 δρόμῳ
1535 851 1537 853 ·

201 896 330 942 κλέψας
356 897 460 944 δέμας
486 900 562 939 σόν,
600 898 655 931 oui
680 899 886 931 coniecturae
922 899 1133 939 sententiam,
1172 898 1278 941 qualis
1314 898 1350 931 in
1373 898 1444 941 lph.
1470 897 1506 931 Τ.

203 959 249 992 29
278 967 326 1001 sq.
354 956 411 991 διὰ
437 956 475 991 δὲ
502 955 655 1003 λαμπρὸν
681 953 806 1001 αἰθέρα
831 955 995 1003 πέμψασά
1022 953 1053 1002 μ’
1082 957 1135 1000 (ef.
1164 959 1209 991 28
1236 954 1431 1002 ἐξέκλεψεν)
1457 956 1508 989 in-

200 1018 368 1060 veniatur,
410 1018 521 1049 inesse
546 1017 634 1049 vult:
662 1026 720 1059 pro
746 1014 861 1062 δρόμῳ
898 1017 969 1059 ipse
1005 1017 1106 1049 affero
1136 1016 1203 1049 Ion.
1234 1018 1327 1050 1563
1354 1013 1507 1056 Παλλάς,

201 1074 316 1121 δρόμῳ
343 1071 506 1110 σπεύσασ’
538 1072 754 1113 ’Λπόλλωνος
779 1073 883 1119 πάρα.
936 1075 1001 1108 Sed
1037 1076 1098 1107 hoe
1136 1076 1257 1108 vitium
1299 1075 1512 1118 relinquitur,

201 1135 287 1177 quod
312 1135 519 1177 participium
537 1131 672 1177 ἀπάρας
688 1134 856 1176 participio
874 1134 975 1166 simili
993 1134 1167 1178 excipitur,
1189 1137 1227 1166 ut
1242 1144 1346 1177 paene
1363 1134 1508 1176 glossam

200 1193 448 1236 deprehendere
473 1193 652 1225 videamur.
704 1191 812 1232 Quare
837 1202 899 1234 ego
925 1193 973 1225 sic
999 1192 1242 1235 soripsen‘mz2)
1524 1196 1527 1197 ’

380 1249 413 1285 οἵ
436 1247 470 1285 δ’
499 1247 643 1297 ὦρμισὲν
671 1261 709 1284 σε
736 1251 829 1294 (eum
854 1251 991 1293 Rauch.)
1016 1255 1131 1296 πρῶτα
1156 1247 1313 1290 Μαιάδος
1338 1252 1438 1290 τόκος

306 1329 352 1334 -
379 1308 536 1355 Σπάρτης
562 1307 697 1352 ἀπᾶραι
723 1314 808 1350 τοῖς
833 1306 914 1343 κατ’
940 1306 1083 1353 οὐρανὸν
1101 1310 1128 1354 3)
1155 1309 1291 1344 δοκοῦν
1318 1329 1364 1334 -

285 1466 310 1503 ¹)
332 1465 375 1496 Cf.
395 1465 496 1495 31—4

430 1513 509 1552 ’Ἡρα
529 1513 559 1543 δὲ
571 1537 577 1543 .
590 1537 597 1543 .
610 1537 617 1544 .
630 1513 724 1543 δίδωσι
744 1511 769 1541 δ’
789 1513 843 1543 οὒκ
862 1512 913 1550 ἔμ’,
935 1513 1001 1542 ἀλλ’
1022 1513 1176 1551 ὁμοιώσασ’
1199 1513 1260 1549 ἐμοὶ

437 1562 557 1593 εἴδωλον
576 1562 696 1600 ἔμπνουν
716 1563 837 1601 οὐρανοῦ
859 1561 982 1598 ξυνθεῐσ’
1002 1561 1056 1592 ἄπο

332 1613 363 1642 et
384 1612 503 1642 582-6

436 1662 496 1692 EA.
518 1662 569 1693 οὐκ
589 1660 684 1702 ἦλθον
705 1661 745 1697 εἰς
765 1666 819 1702 γῆν
838 1660 960 1701 Τρῳάδ’,
982 1660 1046 1690 ἀλλ’
1069 1658 1187 1690 εἴδωλον
1206 1658 1252 1700 ἣν.

436 1712 501 1742 ΜΕ.
522 1713 575 1742 καὶ,
590 1715 632 1748 τίς
653 1711 778 1750 βλέποντ’
801 1710 977 1751 ἁγάλματ’*)
998 1711 1192 1750 ὲξεργάζεταις

435 1761 486 1790 ΕΛ
507 1761 609 1800 αἰθήρ,
632 1761 700 1790 ὅθεν
720 1762 752 1790 σὺ
774 1758 926 1798 θεοπόνητ’
945 1759 1019 1799 ἔχεις
1040 1759 1121 1798 λέχη.

434 1810 499 1839 ME.
521 1813 593 1846 τίνος
612 1810 769 1844 πλάσαντος
790 1811 885 1845 θεῶνς
907 1808 1016 1837 ἄελπτα
1035 1811 1090 1847 γὰρ
1110 1808 1211 1847 λέγεις.

436 1859 495 1889 ΕΛ.
511 1858 616 1899 ”Ηρας,
637 1858 798 1898 διάλλαγμ’,
820 1858 859 1894 ὡς
879 1858 970 1896 Πάρις
990 1867 1025 1896 με
1047 1858 1089 1897 μὴ
1109 1857 1203 1895 λάβοι.
1649 1883 1669 1896 .ss

277 1908 304 1947 *)
325 1908 397 1938 libri
407 1908 547 1946 βλέποντα
560 1907 681 1946 σώματ’,
703 1907 813 1944 optimo
823 1907 889 1936 iure
911 1905 1038 1945 βλέποντ’
1055 1905 1194 1945 ἀγάλματ’
1211 1905 1352 1935 Prinzius
1362 1906 1507 1943 (Arthuro
1635 1910 1666 1945 J
1681 1915 1694 1948 g·

196 1958 343 1987 Ludwioh
378 1957 549 1988 discessuro
581 1956 678 1987 valed.
700 1966 727 1995 p.
749 1956 792 1994 4),
822 1964 893 1985 nam
923 1954 1000 1985 illud
1035 1954 1305 1992 ,simulacrum‘
1336 1954 1505 1985 hominis

196 2009 365 2037 naturam
385 2007 524 2037 induisse
544 2006 700 2036 Menelaus
721 2006 854 2036 miratur.

277 2065 302 2103 ²)
322 2065 391 2095 Non
412 2065 498 2102 male,
528 2064 582 2094 sed
602 2064 748 2094 audacius
768 2063 869 2094 Wold.
892 2063 1077 2093 Ribbeckius
1108 2063 1153 2100 (in
1173 2061 1208 2092 E.
1231 2061 1299 2092 Hel.
1321 2062 1446 2092 conieot.
1468 2063 1501 2092 in

196 2123 291 2152 progr.
313 2123 415 2152 gymn.
436 2114 607 2144 Louisenst.
629 2113 725 2143 Berol.
748 2112 826 2143 1865
856 2122 884 2150 p.
906 2112 957 2150 21)
987 2116 1041 2142 τῶν
1059 2116 1228 2159 τςραννικῶν
1263 2111 1356 2150 δόμων
1375 2113 1506 2151 κλεφθὲν

197 2165 284 2201 δέμας
306 2164 362 2193 σὸν.
596 2204 598 2206 ³
1081 2168 1087 2173 ’

276 2223 302 2260 ³)
323 2222 350 2251 οἱ
369 2221 431 2251 κατ’
454 2222 573 2261 οὐρανόν
595 2221 769 2259 ,caelestes‘,
800 2222 832 2251 id
855 2222 932 2259 quod
964 2221 1021 2251 hac
1042 2221 1180 2259 analogia
1199 2221 1354 2259 probatur:
1389 2221 1502 2250 Aesch.

194 2271 293 2302 Prom.
314 2272 373 2301 896
394 2273 469 2311 μηδὲ
488 2271 632 2308 πλαθείην
650 2272 759 2310 γαμέτᾳ
779 2274 827 2301 τινὶ
847 2275 901 2300 τῶν
912 2272 941 2306 ἐξ
953 2270 1080 2310 οὐρανοῦ.
1102 2270 1178 2300 Plat.
1190 2279 1251 2308 rep.
1275 2270 1318 2300 VI
1327 2279 1357 2308 p.
1367 2269 1450 2300 508Δ
1472 2267 1503 2299 οἱ

196 2322 224 2352 ἓν
245 2321 354 2360 οὐρανῷ
375 2320 451 2351 θεοί.
473 2320 543 2351 Eur.
564 2319 631 2350 1101.
652 2320 712 2350 491
735 2318 778 2357 εἷς
797 2323 852 2360 γὰρ
874 2321 889 2350 ὅ
909 2332 941 2360 γε
961 2320 1023 2350 κατ’
1047 2319 1173 2358 οὐρανόν.
