1721 2769
838 68 882 100 18

203 183 400 216 Coniectura
437 183 540 224 igitur
577 182 718 216 Nauekii
756 181 856 228 τήνδε
886 193 945 226 pro
983 181 1092 217 τοῖσδε
1113 173 1314 217 'necessaria
1345 192 1412 217 11011
1443 193 1481 219 es

199 242 270 274 Iam
294 252 361 275 non
386 242 510 283 dubito,
535 242 618 285 quin
635 242 772 276 eaedem
797 244 950 285 quattuor
973 252 1030 276 res
1054 253 1075 275 a
1099 242 1231 276 falsario
1256 243 1323 276 sint
1346 229 1513 286 repetitio

200 301 312 342 itaque
337 310 455 333 versus
482 303 553 334 324
572 310 620 342 sq.
648 301 790 334 eiciendi
800 300 837 343 1).
863 301 975 333 Minus
991 304 1081 334 certo
1105 301 1148 334 de
1172 311 1272 335 versu
1290 304 1360 336 326
1387 300 1505 340 iudico.

199 358 288 390 Fieri
313 358 398 390 illud
424 358 559 400 quidem
575 358 690 400 potuit,
715 361 753 391 ut
778 361 873 401 poeta
898 359 970 401 ipse
986 369 1023 391 re
1040 358 1181 401 quadam
1206 358 1379 401 (320—3)
1403 346 1513 393 inter-

199 418 305 461 posita
329 427 390 460 per
401 417 503 450 verba
528 412 603 451 ἀλλ’
629 414 705 462 ἐμοὶ
729 415 834 451 πιθοῦ
858 417 901 450 ad
917 417 1025 460 priora
1049 416 1183 450 rediens
1207 419 1305 460 atque
1322 427 1395 451 rem
1410 427 1491 451 acca

199 477 364 509 ratissime
389 477 456 508 iam
480 479 664 508 enan-atam
689 478 724 508 et
739 476 776 508 in
793 476 941 518 singulas
965 478 1075 519 partes
1092 476 1232 509 divisam
1248 478 1403 519 repetens
1420 485 1510 520 quae
1556 474 1562 517 Ἰ

200 535 357 567 diviserat
382 534 608 577 contraheret,
651 544 734 576 quae
765 534 896 567 fuderat
927 534 1175 576 constringeret.
1227 534 1294 567 Sed
1324 534 1437 567 nescio
1461 544 1505 568 011

199 593 254 625 1110
280 602 411 635 quoque
450 602 568 625 versus
607 593 651 625 sit
682 592 912 635 interpolatus.v
956 592 1074 635 Neque
1104 592 1194 625 enim
1232 592 1411 635 quidquam
1442 579 1513 636 est,
1551 622 1561 638 γ(
1574 579 1595 593 ‘³

199 663 258 685 0111·
283 662 337 692 ea,
376 661 460 694 quae
486 652 583 694 paulo
607 654 684 684 ante
711 661 868 694 expressa
906 651 974 684 sint
1011 654 1045 684 et
1079 651 1251 694 explicata,
1293 654 1502 694 repetuntur:

199 711 318 742 chorus
343 710 454 742 verbis
481 705 554 742 ἀλλ’
583 707 658 754 ἐμοὶ
682 708 787 742 πιθοῦ
812 719 901 742 usus·
923 719 977 742 me
1002 708 1113 742 iudice
1138 719 1204 742 non
1229 710 1318 742 redit
1339 700 1381 742 ad
1406 719 1503 753 repe·

197 769 297 801 tenda
309 768 416 810 priora
430 767 639 811 (317-20),
659 768 717 800 sed
730 767 896 801 concludit
908 768 1017 800 omnia
1030 777 1070 801 ea
1082 777 1166 810 quae
1174 768 1279 800 suasit
1291 766 1517 811 (31'7—23).⁸
1548 762 1559 802 ,f

197 826 283 860 Nam
308 829 345 859 ut
361 826 490 859 Helena
515 827 638 859 monita
663 827 770 859 facere
796 827 914 859 audeat
940 822 1027 868 (ἀλλ’
1046 824 1121 871 ἐμοὶ
1137 823 1265 868 πιθοῦ),
1290 826 1359 859 fore
1377 828 1414 858 ut
1430 826 1505 868 ipse

197 886 276 918 111110
292 885 341 917 rei
357 885 491 918 intersit
507 895 649 927 eamque
665 885 798 918 adiuvet
817 886 927 918 statim
944 885 1095 918 versibus
1113 886 1182 917 327
1202 894 1251 927 sq.
1262 883 1289 927 2)
1314 884 1501 927 pollicetur:

197 944 252 976 hic
279 944 517 976 sententiarum
542 954 650 976 nexus
666 944 753 976 inter
778 954 807 976 v,
827 946 898 977 323
926 947 959 976 et
978 946 1048 977 327
1074 943 1257 976 intercedit.
1284 941 1504 986 Interpolator

196 1004 306 1033 autem
333 1002 420 1043 quod
445 1004 519 1043 post
544 1001 601 1033 illa
626 1002 726 1033 verba
764 1001 843 1043 quid
868 1001 1054 1033 faciendum
1079 1004 1168 1033 esset
1193 1010 1259 1032 non
1283 1001 1380 1042 leg-it,
1415 1001 1506 1034 ferre

197 1069 264 1092 non
290 1059 405 1102 potuit,
430 1060 585 1102 repetivit
609 1060 712 1101 igitur
737 1069 836 1102 quam
853 1059 1098 1092 accuratissime
1123 1061 1208 1101 quae
1224 1058 1400 1101 Euripides
1425 1061 1505 1092 ante

197 1127 317 1159 paucos
343 1127 461 1150 versus
479 1120 676 1160 exposuerat
692 1118 882 1160 addiditque
900 1118 1035 1159 insuper
1052 1117 1190 1149 eandem
1207 1127 1279 1149 rem
1296 1120 1502 1150 contractam.

298 1176 489 1219 Sequuntur
513 1175 661 1209 Helenae
686 1176 830 1209 lamenta
855 1178 888 1209 et
913 1176 1004 1209 chori
1030 1175 1157 1208 solacia.
1208 1173 1243 1208 A
1269 1175 1389 1218 quibus
1414 1177 1503 1218 post-

199 1245 298 1277 quam
324 1245 442 1268 seaena
481 1237 515 1268 et
539 1236 705 1268 orchestra
742 1246 863 1268 vacuae
900 1237 978 1268 sunt
1002 1235 1151 1275 relictae,
1194 1234 1363 1267 Menelaus
1394 1234 1503 1277 prodit

196 1294 377 1335 naufragus
402 1296 436 1326 et
461 1294 609 1326 fortunas
635 1303 712 1326 suas
737 1296 855 1326 narrat.
906 1293 947 1325 In
972 1293 1166 1325 universum
1191 1302 1339 1325 errorum
1366 1302 1503 1325 suorum
1627 1319 1636 1330 η

196 1352 399 1385 mentionem
437 1352 515 1384 facit
539 1352 692 1385 versibus
718 1353 791 1385 400
817 1361 866 1395 sq.
916 1351 986 1384 Iam
1012 1351 1091 1394 quid
1116 1361 1233 1384 versus
1259 1353 1342 1392 404,
1381 1353 1402 1385 5
1429 1351 1503 1384 init.
1559 1357 1581 1371 ‘²
1623 1357 1630 1366 ¹

198 1411 260 1443 sibi
285 1411 401 1443 volunt
425 1413 552 1452 partem
576 1410 720 1452 aliquam
745 1420 858 1443 eorum
883 1411 1080 1443 afferentes?
1105 1408 1176 1450 Qua
1200 1419 1237 1442 re
1262 1409 1501 1442 molestissima

196 1478 280 1511 quae
306 1479 382 1502 cum
407 1469 441 1500 vi
466 1469 562 1501 modo
588 1478 746 1511 expressa
763 1471 841 1501 sunt
856 1470 1075 1502 attenuantur.
1128 1467 1329 1509 Singillatim
1354 1467 1396 1500 de
1413 1477 1505 1500 erro>—

195 1528 288 1560 ribus
313 1527 472 1560 referenti
497 1537 564 1560 non
589 1538 658 1560 una
692 1528 734 1560 ad
760 1536 860 1570 quam
885 1526 1068 1569 appulisset
1104 1529 1192 1560 terra
1216 1526 1506 1559 commemoranda.

194 1588 267 1628 fuit,
308 1588 367 1620 sed
394 1588 515 1629 plures.
566 1587 605 1619 Id
631 1587 718 1629 quod
743 1586 915 1619 Menelaus
950 1586 986 1618 in
1010 1586 1072 1618 hac
1096 1586 1167 1628 ipsa
1191 1585 1301 1618 fabula
1325 1585 1403 1618 facit
1426 1595 1506 1618 ver—

196 1646 292 1679 sibus
321 1648 390 1679 766
419 1655 501 1689 sqq„
528 1646 678 1688 quamvis
705 1645 836 1678 silentio
862 1654 991 1678 errores
1016 1643 1196 1687 praeterire
1221 1643 1319 1676 velit:

433 1702 465 1737 τί
490 1714 542 1738 σοι
567 1702 694 1749 λέγοιμ’
722 1701 764 1737 ἂν
788 1700 849 1742 τὰς
874 1701 910 1737 ἐν
926 1700 1054 1747 Αἰγαίῳ
1081 1702 1213 1749 φθορὰς

432 1760 475 1796 τὰ
499 1759 680 1796 Ναυπλίου
706 1758 731 1795 τ’
748 1758 901 1807 Εὐβοϊκὰ
925 1759 1176 1808 πυρπολήματα

431 1818 572 1866 Κρήτην
597 1832 633 1854 τε
659 1819 788 1867 Λιβὺης
813 1820 902 1861 θ’ἂς
927 1820 1143 1866 ἐπεστράφην
1169 1818 1283 1860 πόλεις

434 1880 575 1920 σκοπιάς
599 1890 637 1913 τε
663 1876 840 1925 Περσέωςς

274 2005 298 2043 1)
318 2004 498 2035 Wecklinus
531 2004 640 2043 (iahrb.
662 2004 681 2035 f.
704 2004 778 2043 phil.
803 2005 820 2035 7
841 2004 937 2043 suppl.
959 2003 1063 2043 (1874)
1083 2013 1111 2042 p.
1131 2003 1203 2042 358)
1235 2011 1343 2034 versus
1370 2002 1431 2033 325
1451 2012 1500 2042 tq

194 2054 322 2089 delevit,
353 2053 509 2082 falsarium
529 2054 714 2091 repetentem
734 2054 846 2090 sensit,
876 2062 938 2083 non
967 2053 1139 2091 perspexit,
1171 2053 1208 2082 cf.
1229 2053 1320 2082 0110111
1339 2052 1400 2081 315
1419 2053 1499 2083 extr.

194 2101 324 2140 =[324
343 2101 433 2139 initu]
475 2101 559 2131 Idem
580 2101 662 2131 cadit
681 2101 712 2131 in
735 2101 876 2131 Cronium
898 2101 1005 2140 (ztsch.
1026 2102 1047 2132 f.
1068 2102 1124 2131 fist.
1139 2109 1240 2139 gymn.
1261 2099 1371 2130 XXIV
1391 2099 1501 2138 (1878)-

191 2161 220 2189 p.
242 2151 302 2181 250
321 2152 389 2189 sq),
411 2151 463 2189 qui
484 2160 574 2181 veisu
595 2151 655 2181 325
674 2151 771 2182 deleto
791 2150 825 2181 in
844 2160 936 2182 versu
956 2151 1015 2181 326
1035 2151 1125 2181 πάντα
1145 2159 1198 2189 pro
1217 2152 1312 2180 τοῖσδε
1332 2149 1445 2180 scribit.

272 2200 299 2238 2)
321 2200 397 2231 eum
427 2200 480 2230 0111
511 2209 619 2231 versus
649 2200 743 2231 huius
763 2200 880 2230 fabulae
910 2200 970 2239 (26,
991 2200 1060 2238 486,
1083 2199 1150 2238 727,
1173 2199 1264 2238 1027)
1293 2200 1360 2230 111111
1384 2208 1414 2229 v.
1435 2198 1502 2229 328

191 2251 303 2280 temere
323 2249 361 2279 ab
381 2249 581 2280 Herwerdeno
613 2250 701 2288 (01101.
722 2251 795 2289 trag.
817 2250 850 2280 in
870 2249 959 2288 Soph.
982 2249 1016 2281 Ο.
1039 2249 1075 2280 Β.
1096 2259 1126 2288 p.
1147 2249 1207 2280 208
1238 2249 1271 2279 in
1292 2247 1501 2286 suspicionem
1533 2253 1535 2255 '
1574 2244 1626 2291 {.335

192 2300 317 2329 vocatus
337 2300 393 2336 est,
414 2307 563 2329 summam
584 2299 665 2329 enim
686 2299 796 2329 auxilii
817 2299 962 2329 continet.
1523 2309 1527 2311 ’
1564 2298 1571 2309 ³
1584 2310 1586 2313 ’
1598 2294 1633 2320 -“’“’

1565 2387 1589 2394 ff,
1598 2380 1632 2396 3333
