1721 2783
833 87 878 119 10

198 202 355 235 facillime
381 203 556 244 colligatur
573 203 724 245 ultroque
751 213 787 236 se
810 204 933 244 offerat,
971 213 1031 236 cur
1052 204 1150 236 etiam
1166 203 1276 252 verbis
1302 203 1503 246 exprimatur
1539 179 1545 203 ’Δ

161 277 163 279 -
200 270 267 293 11011
293 264 352 293 est.
403 261 471 293 Aut
497 261 526 293 si
552 261 758 304 exprimitur,
782 261 827 293 ita
853 264 943 294 certe
968 264 1021 294 est
1037 262 1207 303 narranda,
1233 264 1271 294 ut
1295 272 1362 298 non
1387 261 1503 294 obscu-
1558 280 1559 283 =

199 322 291 352 retur
329 322 466 361 egeatve
504 319 693 361 interprete.
744 321 853 362 Atque
890 320 925 352 id
957 320 1067 362 ipsum
1091 320 1163 353 loco
1200 320 1242 353 de
1269 331 1334 363 quo
1371 321 1502 363 agimus

199 378 322 410 factum
348 388 421 410 esse
449 388 547 420 supra
572 378 638 409 iam
663 378 821 419 vidimus,
860 389 936 411 cum
960 378 1024 411 alia
1048 381 1119 411 tum
1143 379 1224 411 haec
1248 380 1347 412 verba
1379 379 1437 420 τὰς
1463 378 1500 413 δὲ
1565 402 1568 404 -
1589 404 1591 406 -
1610 372 1664 413 ἷῖἕ

200 436 248 482 μὴ
274 436 384 474 κακὰς
409 434 534 481 ἔσῳζον
552 439 629 469 sunt
654 437 799 478 obscura,
825 437 867 470 de
892 437 1011 479 quibus
1027 428 1282 480 interpretandis
1310 438 1375 470 viri
1400 438 1505 471 critici

201 505 268 527 non
294 495 339 528 ita
364 496 583 528 consentiunt.
633 495 704 537 Ego
729 506 807 529 vero
833 506 897 538 quo
924 499 1073 538 spectent
1110 495 1192 529 haec
1217 497 1317 529 verba
1353 507 1422 529 non
1447 507 1505 530 ex-

199 554 312 595 pedio:
340 554 522 586 Hei-manni
549 554 657 597 ,fidem
683 564 761 595 erga
786 554 950 586 maritum'
977 554 1097 587 elicere
1122 555 1214 587 nullo
1239 555 1335 587 modo
1360 564 1503 597 possum.

202 611 292 651 Quae
318 612 417 644 verba
443 622 638 645 conversum
663 615 790 644 tantum
828 615 862 645 et
891 612 926 644 in
952 612 1146 645 contrariam
1176 615 1303 655 partem
1340 614 1503 646 mutatum

203 670 341 704 reddere
366 671 521 703 videntur
545 671 607 704 hoc
633 672 838 704 enuntiatum
863 672 1050 714 proximum
1077 674 1147 705 264
1167 681 1215 714 sq.
1240 672 1299 705 καὶ
1321 671 1381 711 τὰς
1398 671 1504 717 τὺχας

201 730 263 773 μὲν
283 729 342 768 τὰς
355 728 473 772 κακὰς,
500 728 540 766 ἃς
557 733 615 762 νῦν
634 728 716 773 ἔχω7
735 726 904 774 ”Έλληνες
921 728 1129 763 ἐπελάθοντο
1147 741 1257 774 neque
1284 733 1372 763 certa
1389 731 1440 762 vis
1465 731 1509 762 iis

211 788 333 822 subest.
360 788 489 821 Deinde
503 786 721 832 κακοφωνίαν
736 788 770 820 in
783 798 902 821 versus
911 790 1054 822 264—6
1070 789 1207 821 effusam
1219 798 1316 822 aures
1332 791 1507 831 respuunt:

210 851 258 880 tot
274 848 440 890 vocabula,
465 848 629 890 imprimis
650 848 690 880 in
707 858 805 881 versu
818 850 888 881 264
914 848 950 880 in
975 848 1109 881 easdem
1137 848 1264 881 litteras
1290 858 1351 888 -ας
1376 850 1511 888 exeunt,

204 906 321 939 eadem
346 906 504 939 vocabula
528 906 669 939 absurde
694 906 942 949 frequentantur
970 909 1039 940 264
1066 906 1123 947 τὰς
1147 908 1258 945 κακὰς
1285 908 1354 940 265
1381 906 1443 945 τὰς
1469 904 1506 939 δὲ

207 965 253 1010 μὴ
272 966 381 1003 κακὰς
396 968 465 998 266
481 965 538 1005 τὰς
555 966 667 1003 κακὰς
686 968 755 999 266
770 964 911 1010 ἔσῳζον.
922 966 1105 1010 ..σῴζουσι
1130 966 1217 1006 Ergo
1230 976 1348 999 versus
1367 967 1511 999 264—ss

206 1024 458 1065 proscribendos
484 1033 558 1055 esse
585 1033 712 1056 censeo.
752 1023 839 1063 Quos
864 1025 1017 1055 confictos
1042 1024 1180 1055 arbitror
1204 1025 1244 1055 ab
1269 1024 1501 1065 interpolatore

208 1082 364 1124 quodam,
403 1082 460 1124 qui
486 1082 632 1114 Helenae
657 1081 820 1114 desiderio
860 1082 993 1125 ,utinam
1030 1082 1140 1114 minus
1177 1082 1313 1124 pulchra
1349 1081 1496 1114 fuissem‘

211 1141 289 1183 quid
315 1141 392 1173 inde
418 1141 629 1182 colligeretur
653 1141 840 1173 addendum
866 1151 940 1173 esse
965 1144 1102 1183 putaret.
1152 1141 1266 1183 Inepte
1298 1151 1376 1173 vero
1401 1140 1505 1184 ώχας

206 1202 374 1231 mutuatus
400 1202 451 1231 est
476 1210 495 1231 a
520 1209 619 1232 versu
646 1201 716 1233 267
745 1199 882 1245 (τὺχην).

309 1258 363 1291 Sic
388 1258 429 1290 de
454 1259 516 1291 hoc
541 1258 611 1291 loco
650 1261 725 1291 ante
763 1259 852 1291 hunc
877 1268 999 1291 annum
1030 1258 1216 1291 iudicaram.
1269 1257 1334 1291 Sed
1361 1258 1503 1300 suspicio

208 1317 312 1349 semel
350 1319 418 1348 orta
462 1317 581 1359 serpsit
618 1317 758 1358 longius.
815 1317 953 1350 Invento
991 1318 1080 1350 enim
1118 1317 1217 1349 totius
1260 1317 1414 1349 orationis
1455 1326 1506 1348 ar-

206 1378 362 1418 gumento
381 1374 478 1419 (260)
495 1376 602 1409 facere
628 1386 694 1408 non
711 1386 852 1419 possum,
880 1377 959 1419 quin
976 1376 1125 1410 versibus
1145 1378 1289 1410 261—6
1317 1375 1506 1408 continuam

209 1435 369 1467 contineri
396 1444 550 1467 censeam
575 1435 867 1477 interpolationem.
918 1436 1002 1467 Nam
1027 1436 1110 1467 illud
1135 1438 1366 1476 argumentum
1389 1424 1506 1476 perpe-

207 1497 301 1526 tuum
336 1494 402 1525 iam
440 1494 533 1526 initio
572 1493 805 1527 molestissime
849 1494 998 1527 turbatur
1035 1494 1278 1537 pulchritudine
1315 1492 1506 1535 interposita

206 1557 305 1595 atque
331 1554 430 1585 rebus
456 1553 591 1595 insuper
616 1553 744 1585 additis.
795 1553 929 1586 Versus
949 1556 1059 1586 autem
1087 1556 1154 1587 261
1187 1554 1274 1586 vitae
1300 1555 1333 1586 et
1357 1552 1506 1585 fortunae

208 1612 312 1644 mirae
338 1612 392 1644 vel
418 1612 624 1644 miserrimae
650 1612 779 1653 culpam
804 1612 840 1643 in
865 1612 989 1644 Iunone
1016 1615 1050 1644 et
1073 1612 1109 1644 in
1133 1612 1376 1654 pulchritudine
1401 1611 1506 1653 ipsius

205 1671 353 1703 Helenae
378 1680 452 1703 esse
479 1674 598 1703 monet.
652 1670 717 1703 Sed
743 1671 804 1703 hoc
828 1671 898 1703 loco
924 1681 989 1703 non
1015 1671 1196 1715 quaeritur,
1231 1681 1301 1703 cur
1337 1680 1407 1703 sors
1432 1670 1506 1703 eius

205 1731 248 1762 sit
274 1730 364 1770 talis,
404 1730 463 1762 sed
488 1730 522 1762 id
548 1730 667 1772 ipsum,
694 1730 832 1772 qualis
858 1730 910 1770 sit,
936 1720 1078 1773 namque
1104 1731 1221 1763 miram
1246 1740 1319 1763 eam
1346 1740 1420 1763 esse
1447 1729 1505 1762 toti

205 1789 341 1821 orationi
367 1789 567 1831 proponitur,
593 1792 659 1820 tota
684 1789 828 1821 oratione
855 1789 1036 1831 explicatur
1062 1792 1095 1822 et
1120 1790 1321 1831 explanatur.
1360 1788 1505 1820 Versum

203 1848 305 1889 igitur
333 1849 404 1880 260
429 1847 580 1880 versibus
609 1849 677 1880 267
707 1857 776 1890 sqq.
804 1848 1034 1889 excipiendum
1068 1858 1141 1881 esse
1174 1850 1278 1890 patet,
1320 1857 1396 1879 cum
1432 1856 1505 1889 pro-

203 1907 348 1949 positum
389 1907 530 1939 narratio
580 1910 737 1949 sequatur
785 1907 827 1939 sit
869 1917 1013 1940 necesse.
1076 1908 1130 1940 An
1171 1910 1237 1940 tota
1285 1907 1385 1939 oratio
1427 1905 1504 1938 inde

203 1976 221 1997 a
247 1975 348 1998 versu
376 1968 445 1998 267
488 1966 568 2007 quid
594 1966 658 1999 sibi
683 1966 765 1998 velit
790 1976 856 1998 non
881 1966 1032 2007 intellegi
1058 1976 1161 2008 eaque
1186 1967 1301 2009 verba,
1338 1975 1405 1997 non
1431 1974 1505 1996 sen-

203 2024 339 2057 tentiam
364 2024 475 2057 afferri
501 2023 631 2057 mavis?
670 2024 884 2067 Interpolator
908 2035 975 2057 non
1000 2025 1095 2058 modo
1120 2025 1157 2057 in
1181 2025 1331 2058 versibus
1359 2025 1501 2057 264—6

206 2084 302 2125 plane
328 2084 481 2115 absurdis
518 2084 680 2124 cernitur,
723 2085 781 2116 sed
808 2084 907 2117 etiam
943 2084 978 2116 in
1004 2094 1103 2117 versu
1136 2086 1216 2117 261.
1266 2083 1351 2115 Nam
1376 2083 1504 2115 Helena

203 2142 285 2173 mira
311 2145 344 2174 et
369 2152 452 2174 nova
477 2142 542 2173 fata
560 2152 619 2174 sua
645 2151 719 2175 esse
745 2142 942 2185 expositura,
968 2141 1005 2175 id
1031 2142 1118 2185 quod
1136 2152 1207 2175 eam
1224 2142 1330 2174 facere
1356 2144 1504 2184 apertum

203 2204 269 2241 est,
314 2200 343 2232 si
378 2201 423 2233 ita
462 2200 638 2244 inciperet,
681 2203 718 2233 ut
756 2201 796 2233 ab
826 2201 897 2243 ipso
928 2201 1017 2234 fonte
1056 2203 1144 2233 certo
1182 2201 1303 2233 mirum
1340 2201 1505 2243 repeteret

202 2269 400 2301 causamque
435 2260 484 2291 rei
515 2259 618 2292 mirae
645 2260 846 2303 ostenderet,
876 2261 1018 2293 absurde
1045 2260 1184 2293 diceret:
1223 2260 1398 2302 Euripides
1424 2267 1504 2291 vero

202 2318 265 2351 arti
302 2318 484 2352 rhetoricae
524 2328 655 2361 operam
694 2318 841 2352 dedisset
882 2319 1010 2351 frustra.
1068 2319 1266 2352 *Miraoulum
1305 2319 1407 2360 enim,
1449 2317 1505 2351 ubi
