1721 2769
170 258 173 261 Ι
235 196 478 255 Neque‘aliter
501 212 675 256 Homerus,
701 223 801 256 quem
825 213 861 246 in
885 213 947 246 hac
971 213 1080 247 fabula
1107 214 1238 257 saepius
1262 213 1438 257 Euripides
1489 213 1499 220 ‘

140 267 292 314 sequitur
315 273 373 304 aut
395 271 558 313 imitatur,
596 271 782 315 complures
807 274 911 305 terras
936 272 1163 315 perhibentem
1203 283 1281 306 011111
1305 273 1383 306 facit
1408 271 1439 315 δ,

141 330 275 363 81—5.
311 327 449 362 Minime
473 332 584 363 autem
607 331 686 363 huic
709 330 781 363 loco
818 332 893 372 apta
930 333 965 363 et
987 330 1193 363 accomodata
1231 334 1283 363 est
1306 331 1438 372 Libya

140 389 400 431 commemorata,
436 397 513 420 nam
550 382 713 430 quoniam¹
735 387 851 421 Graeci
888 387 961 421 eius
985 388 1118 432 aetatis,
1161 398 1225 432 qua
1261 388 1438 432 Euripides

139 444 290 488 florebat,
331 445 469 487 Libyam
505 444 716 479 nominabant
753 446 1041 489 septentrionalem
1067 446 1200 481 Africae
1231 457 1337 488 oram,
1380 448 1438 491 qui

140 512 214 536 eam
239 504 432 547 saepissime
457 503 604 546 attigerit
627 514 693 538 non
710 507 762 538 est
786 515 845 538 cur
868 497 1008 538 miretur
1032 505 1068 538 in
1084 506 1275 548 Aegyptum
1300 516 1336 539 se
1361 516 1437 540 esse

140 560 300 595 delatum:
332 562 429 605 paulo
454 563 544 595 enim
575 565 650 605 post
674 562 709 594 id
733 563 843 605 ipsum
867 572 1067 608 magnopere
1091 563 1232 596 miratur
1256 566 1437 598 459—61.

139 620 189 653 Ac
212 621 324 653 nescio
350 631 393 653 an
417 620 628 664 interpolator
658 620 799 662 Libyam
829 621 1061 664 inhospitalem
1095 622 1158 655 sibi
1189 622 1367 665 sumpserit
1392 632 1436 655 ex

70 668 103 705 T
135 688 171 711 π.
199 679 291 712 1211
331 675 460 725 Λιβύης
485 677 649 725 ἀλιμένοις
673 678 863 713 ἐκπεσόντα
901 679 988 725 πρὸς
1011 680 1157 725 πέτραις.
1208 680 1338 713 Versus
1364 682 1436 714 405

140 739 223 769 extr.
249 739 321 771 40¹7
347 737 535 771 Menelaum
571 739 710 781 patriam
734 738 933 780 domumque
958 741 1145 781 petentem,
1187 749 1354 781 nunquam
1382 749 1435 772 ca-

130 795 294 838 piantem,
309 796 493 839 deping-unt
528 799 593 830 tam
616 796 705 830 iusto
730 797 854 838 colore,
896 800 934 830 ut
962 797 1043 830 huic
1074 798 1168 831 irrito
1194 798 1306 831 itineri
1342 798 1437 831 nobis

89 853 93 856 ’
133 851 310 887 'videamur
333 854 399 897 ipsi
422 855 600 888 interesse:
639 855 788 888 eiusdem
812 855 862 888 rei
886 855 1034 888 umbram
1060 865 1177 888 versus
1203 858 1275 890 402
1301 859 1385 889 extr.
1413 858 1434 889 3

26 913 97 951 *ἶ*
138 912 289 946 reddunt.
341 912 404 954 Qui
428 922 545 946 versus
571 913 619 946 sic
642 916 769 946 tannim
795 915 927 962 starent,
958 914 988 946 si
1012 914 1164 947 versibus
1190 911 1334 947 405—'7
1361 924 1436 947 con-

138 972 307 1005 iunctione
332 969 395 1015 γάρ
412 972 575 1006 adiunctis
591 973 830 1015 exciperentur.
870 972 925 1006 Sic
950 972 1039 1005 enim
1055 982 1175 1006 versus
1193 975 1339 1006 405—7
1365 983 1437 1006 rem

138 1030 290 1062 versibus
303 1032 374 1064 402
388 1033 470 1063 extr.
486 1033 506 1063 3
522 1030 714 1073 simpliciter
724 1030 920 1073 propositam
933 1030 1138 1072 explicarent
1160 1032 1194 1062 et
1213 1030 1435 1073 explanarent,

140 1087 199 1120 sed
211 1088 273 1120 hoc
284 1088 380 1121 modo
391 1098 508 1121 versus
524 1089 611 1121 inter
628 1098 664 1121 se
681 1089 836 1130 coniungi
853 1091 1031 1131 nequeunt.
1056 1088 1127 1121 Iam
1139 1098 1217 1121 vero
1230 1098 1307 1121 cum
1317 1098 1436 1122 versus

139 1147 222 1186 404,
249 1147 270 1179 5
296 1146 366 1178 init.
404 1156 477 1179 rem
501 1147 652 1180 versibus
678 1149 750 1180 400
777 1156 827 1191 sq.
854 1146 985 1179 allatam
1023 1146 1105 1179 falso
1122 1141 1289 1189 'repetere‘
1317 1157 1436 1188 cog-no-

138 1204 295 1249 verimus,
320 1207 371 1238 est
396 1205 483 1248 quod
501 1205 600 1238 etiam
624 1215 742 1238 versus
760 1207 832 1239 402
859 1207 941 1238 extr.
969 1206 990 1238 3
1016 1214 1088 1238 rem
1112 1205 1264 1238 versibus
1290 1206 1435 1239 405-’7

139 1264 273 1306 egregie
298 1274 490 1307 expressam
513 1264 668 1306 lang-uide
700 1254 912 1307 occupantes
931 1264 1139 1297 damnentur.
1191 1265 1301 1306 Auget
1325 1267 1436 1297 autem

140 1322 369 1365 suspicionem,
395 1323 482 1365 quod
501 1323 558 1365 qui
574 1322 674 1355 verba
691 1323 789 1365 (402)
801 1320 870 1363 κείς
893 1321 1025 1368 πάτραν
1049 1322 1188 1367 χρῄζων
1215 1320 1328 1367 μολεῖν
1355 1322 1434 1355 scri-

138 1382 241 1425 beret,
274 1392 294 1414 a
318 1382 428 1414 verbis
454 1381 553 1425 (407)
593 1378 679 1415 ὣστε
711 1375 742 1426 μ’
770 1379 818 1420 εἷς
842 1380 970 1425 πάτραν
995 1379 1110 1427 μολεῖν
1148 1391 1226 1414 011111
1250 1384 1435 1414 mutuatum

139 1449 215 1473 esse
245 1439 388 1485 apparet.
438 1440 509 1473 Iam
540 1441 654 1474 eiectis
690 1440 841 1473 versibus
879 1443 950 1474 402
958 1441 1081 1473 b—5a
1119 1437 1201 1483 (κείς
1232 1438 1361 1484 πάτραν
1387 1459 1433 1464 -

138 1492 313 1532 πέπλευκα
325 1488 461 1542 ’πάσας)
485 1499 611 1532 reditus
634 1499 748 1531 irritus
773 1499 856 1541 (405
883 1501 965 1531 extr.
985 1517 1032 1522 —
1052 1498 1086 1541 7)
1113 1499 1233 1541 optime
1259 1498 1437 1541 respondet

139 1557 304 1590 erroribus
313 1558 482 1601 perpetuis
499 1558 657 1602 (400-2
675 1555 770 1599 init),
788 1559 927 1600 utraque
945 1557 1035 1590 enim
1059 1566 1114 1590 res
1139 1559 1174 1589 et
1185 1556 1222 1588 in
1239 1556 1433 1590 universum

139 1618 174 1648 et
203 1616 312 1658 ample
349 1616 552 1649 describitur.
602 1615 715 1648 Velim
739 1615 888 1648 conferas
924 1615 1099 1648 verbonun
1134 1614 1260 1657 copiam
1295 1617 1434 1657 utroque

139 1674 211 1707 loco
241 1677 440 1708 exstantem:
484 1677 560 1709 400
582 1670 634 1708 ἐπ’
662 1671 763 1720 οἶδμα
786 1674 919 1708 πόντιον
956 1671 1103 1720 γλαυκῆς
1141 1669 1238 1715 ἁλὸς,
1281 1675 1352 1707 406
1386 1683 1434 1717 sq.

113 1732 239 1767 γπάλιν
278 1730 476 1778 μ”ἆπωθ-εῖ
496 1738 640 1779 πνεῦμα,
676 1730 811 1767 κοῦποτ’
839 1730 1118 1784 φῦριονβεῖσῆλθε
1146 1731 1275 1776 λαῖφος.
1327 1732 1437 1772 Quare

54 1836 56 1838 v
137 1802 256 1827 versus
298 1793 510 1827 402b-5a
551 1792 662 1826 delere
710 1792 797 1825 malo
845 1802 944 1835 quam
986 1791 1043 1834 qui
1092 1790 1223 1824 facilius
1271 1790 1436 1824 eiciuntur

41 1859 57 1862 ''
138 1861 176 1884 v.
196 1854 362 1885 404—7.

139 1969 269 2005 Troiam
293 1969 468 2002 abductum
484 1969 588 2002 fuisse
599 1967 735 2008 audivit,
759 1968 904 2011 primum
918 1968 1000 2011 (711
1017 1965 1101 2009 sqq.)
1126 1966 1169 1998 de
1194 1963 1433 2010 δυστεκμάρτῳ

136 2029 274 2063 numine
299 2028 459 2072 mirisque
483 2028 559 2062 fatis
584 2028 686 2062 verba
697 2028 783 2068 facit,
808 2026 911 2060 altera
923 2026 1043 2059 deinde
1056 2024 1261 2058 oratiuncula
1276 2026 1347 2058 744
1362 2034 1434 2067 sqq.

43 2072 56 2079 ⁸
129 2088 175 2119 -in
197 2089 291 2119 vates
314 2087 482 2120 invehitur
506 2087 621 2128 eisque
646 2088 694 2118 tot
717 2087 948 2127 tantarumque
973 2083 1123 2116 caedium
1154 2082 1285 2124 culpam
1309 2083 1433 2115 tribuit.

130 2144 204 2187 -Qui
240 2154 416 2185 excursus,
452 2144 574 2178 iniuria
609 2144 650 2177 ab
686 2143 869 2186 Han-angio
899 2143 935 2175 in
965 2141 1035 2186 Iph.
1060 2140 1135 2175 Aul.
1162 2151 1193 2185 p.
1223 2142 1269 2174 10
1286 2150 1335 2183 sq.
1360 2150 1435 2185 pro-

70 2197 83 2209 ⁸
140 2205 291 2248 scriptus,
314 2207 353 2238 111
377 2202 441 2238 οὒκ
466 2200 503 2238 εἴ)
529 2200 767 2250 οἱκονομοῦντα
790 2203 835 2236 ita
858 2201 1088 2245 philosophum
1109 2200 1226 2243 resipit
1242 2200 1432 2243 Euripidem

68 2257 74 2259 ⁷
138 2268 236 2308 atque
261 2264 373 2298 hercle
398 2266 450 2297 est
474 2263 647 2306 genuinus.
699 2262 765 2307 Sed
801 2261 1104 2305 interpolationibus
1140 2262 1257 2293 auctus
1292 2262 1326 2292 et
1363 2269 1434 2292 cor-

71 2355 75 2358 ,
137 2327 254 2368 ruptus
279 2327 339 2358 est.
365 2324 414 2357 Ac
429 2323 573 2366 primum
590 2322 725 2365 quidem
737 2330 797 2355 cur
815 2331 891 2354 cum
908 2312 1028 2354 Cobeto
1046 2318 1131 2362 (nov.
1144 2318 1274 2353 lection.
1299 2329 1330 2361 p.
1348 2317 1431 2360 193)

0 1743 46 2143 ssffifsz-ffissgfffifflqfffsfflffl':²²³
0 1637 38 1735 4:521722-3‘}
0 1581 41 1615 ἐς
14 1472 17 1473 =

48 2105 54 2110 ,v
43 2029 52 2037 π
48 1989 52 2000 -
47 1912 57 1951 -.
48 1818 50 1820 -
52 1793 53 1796 Α
45 1630 47 1632 ’
46 1604 59 1608 ι
56 1576 61 1579 4

237 1909 383 1943 Nuntius
406 1913 579 1953 postquam
603 1920 669 1943 non
693 1919 805 1943 veram
829 1908 1005 1949 Helenam,
1042 1907 1101 1941 sed
1126 1907 1337 1940 simulacrum
1362 1908 1435 1940 eius
1489 1934 1491 1936 r
