1721 2783
753 53 842 108 ‘15'

172 191 278 232 patet:
316 189 443 223 Helena
468 191 509 223 ab
534 190 596 223 hoc
618 190 771 232 coniugio
796 191 912 232 inviso,
950 199 1034 233 quae
1058 190 1175 223 ultima
1199 190 1366 223 calamitas
1392 200 1465 223 eam

171 249 237 281 iam
261 251 381 289 manet,
406 248 448 281 ad
471 249 765 293 pulchritudinem,
801 260 884 292 quae
910 252 944 282 et
968 250 1052 282 hanc
1075 250 1181 292 ipsam
1206 252 1239 283 et
1264 253 1388 283 ceteras
1414 259 1465 282 ca-

171 307 334 340 lamitates
351 308 524 351 pepererit,
548 311 693 341 nauseat
709 310 842 351 oportet.
870 308 924 342 Sic
940 308 1039 341 totius
1065 308 1219 341 orationis
1235 312 1465 349 argumentum

172 369 289 399 tenens
314 366 489 408 concludit,
514 377 592 399 nam
621 367 709 410 quod
743 367 958 410 pulchritudo,
997 378 1040 400 ex
1070 377 1133 410 qua
1166 369 1294 400 ceterae
1323 367 1464 400 feminae

172 434 334 457 summam
358 425 547 457 felicitatem
571 426 760 468 percipiant,
784 426 889 467 ipsam
906 426 1020 459 reddat
1035 426 1252 458 miserrimam
1266 416 1464 467 ¹magnopere

171 482 321 515 miratur:
347 483 505 515 habemus
521 483 623 525 igitur
638 483 694 516 hic
710 493 840 526 quoque
856 480 963 528 τέρας.
998 483 1091 524 Quod
1116 483 1151 515 in
1168 483 1293 516 duobus
1310 484 1465 526 deinceps

172 541 349 574 enuntiatis
374 541 458 583 (303
486 544 519 574 et
537 541 572 584 4)
597 542 659 586 γάρ
685 542 817 584 legitur,
842 553 909 575 non
926 542 1131 586 offendimus,
1157 542 1196 574 cf.
1214 542 1381 576 Matthiaei
1399 542 1463 575 lex.

171 600 248 632 Eur.
273 610 304 641 p.
332 602 403 632 604
430 609 477 641 sq.
528 600 577 632 De
603 602 772 633 occasione
809 602 1026 643 interpolandi
1064 602 1112 633 sic
1135 601 1251 633 iudico.
1302 601 1464 633 Falsarius

172 657 271 690 verba
297 656 393 701 (293)
431 654 462 690 τί
500 653 569 704 δῆτ’
603 656 650 691 ἔτι
682 658 744 699 ζῶ;
788 669 994 702 ,quamquam
1018 659 1127 692 verbis
1152 654 1209 692 τίν’
1239 654 1459 704 ὑπολείπομαι

172 716 294 762 τὺχηνς
322 717 432 749 statim
449 717 609 759 explicata
634 729 700 751 11113
716 729 791 751 011111
817 719 869 759 liis
885 719 927 751 ad
943 719 1086 752 futuram
1102 719 1264 752 fortunam
1278 719 1363 762 (294
1379 718 1464 761 sqq.)

171 775 346 807 transitum
371 775 509 818 faciunt,
546 776 587 807 ad.
617 777 768 820 verbum,
805 780 842 809 ut
867 777 965 817 solet,
1003 777 1127 819 accepit
1164 777 1274 819 itaque
1305 777 1464 808 moriendi

172 833 345 867 consilium
370 833 599 877 intempestive
624 835 773 868 inseruit.
822 836 871 869 Ac
895 835 1006 869 nescio
1030 846 1073 868 an
1097 835 1233 869 alteram
1257 845 1373 869 versus
1392 837 1461 869 298
1529 871 1532 873 ,

172 896 298 936 partem
323 902 342 925 e
367 902 466 925 versu
493 896 562 928 841
590 896 799 927 confinxerit:

273 965 342 997 298
397 989 404 996 .
424 985 432 993 .
452 987 458 994 .
477 965 550 1002 πῶς
574 958 705 1008 θάνοιμ’
734 959 774 996 ἂν
801 958 859 996 οὖν
884 960 1015 1004 καλῶςς

240 964 340 1062 {841
392 1026 460 1062 πῶς
486 1018 543 1055 οὖν
568 1019 760 1066 θανοὺμεθ’
787 1018 872 1054 ὥστε
896 1020 955 1054 καὶ
980 1019 1080 1058 δόξαν
1105 1019 1238 1064 λαβεῖν;

270 1090 340 1122 Ι3111
365 1091 569 1123 emendatam
594 1100 724 1122 mecum
749 1090 841 1131 legas
871 1090 972 1122 velim
997 1090 1190 1122 orationem:
1223 1099 1287 1131 qua
1312 1088 1465 1120 narrandi

171 1148 295 1181 ratione
322 1151 356 1181 et
380 1149 432 1181 via
456 1150 551 1191 poeta
576 1155 656 1181 usus
681 1148 780 1181 fuerit
804 1158 869 1180 non
893 1148 1066 1190 ignorabis,
1116 1147 1244 1180 Helena
1267 1148 1366 1180 versu
1393 1149 1462 1180 255

172 1207 208 1238 in
232 1207 424 1240 universum
461 1208 503 1240 de
535 1210 621 1240 sorte
660 1217 717 1240 sua
756 1210 871 1249 questa
902 1208 1024 1251 τέρας
1061 1216 1162 1239 versu
1189 1208 1259 1240 260
1294 1207 1394 1238 vitam
1432 1209 1465 1238 et

171 1265 317 1298 fortunas
344 1275 419 1297 suas
444 1266 593 1308 appellat.
644 1265 715 1298 Hoc
739 1268 968 1307 argumentum
1005 1265 1065 1298 toti
1090 1265 1226 1298 orationi
1264 1266 1465 1307 propositum

172 1324 249 1356 inde
275 1334 294 1356 a
318 1334 417 1357 versu
446 1327 515 1358 267
543 1324 735 1367 explanatur
766 1324 827 1357 hoc
857 1325 960 1357 modo.
1011 1325 1060 1357 Ac
1091 1325 1233 1367 primum
1264 1324 1398 1366 quidem
1429 1323 1470 1355 in'

172 1382 365 1414 universum
391 1382 563 1425 (267—9)
590 1383 669 1415 dicit
694 1393 729 1416 se
765 1393 831 1416 non
873 1383 967 1415 modo
1002 1393 1068 1415 una
1106 1383 1249 1424 fortuna,
1288 1383 1347 1415 sed
1372 1382 1466 1414 undi-

173 1451 236 1482 que
278 1441 389 1482 affligi.
439 1441 566 1473 Deinde
609 1442 754 1474 fortunas
797 1452 873 1474 suas
915 1452 1044 1483 omnes,
1081 1442 1115 1473 id
1153 1442 1240 1483 quod
1272 1441 1464 1482 singillatim

176 1499 368 1540 ostenditur,
394 1509 470 1532 cum
487 1510 599 1532 secum
617 1510 765 1542 quaeque
787 1503 911 1543 pugnet
937 1500 1063 1543 sibique
1087 1500 1284 1532 contrarium
1308 1499 1463 1542 quiddam

170 1558 302 1599 habeat,
350 1568 424 1590 esse
468 1558 567 1591 miras
611 1561 645 1591 et
685 1569 788 1591 novas
834 1556 979 1603 (τέρατα)
1018 1558 1225 1590 demonstrat.
1294 1558 1462 1590 Contraria

172 1619 283 1649 autem
307 1616 448 1649 in-haec
465 1617 529 1650 duo
545 1617 751 1660 potissimum
775 1627 896 1659 genera
912 1617 1056 1650 dividas:
1083 1616 1112 1660 a)
1139 1616 1287 1659 quamvis
1305 1617 1461 1649 innocens

103 1672 105 1674 ’
145 1690 148 1693 «
170 1685 278 1707 mersa
304 1678 355 1707 est
378 1676 488 1718 malis,
522 1675 556 1717 b)
581 1677 729 1717 quamvis
754 1676 919 1708 innocenti
943 1676 1102 1708 malorum
1126 1676 1343 1708 maximorum
1368 1676 1462 1717 culpa

172 1732 335 1765 tribuitur.

267 1800 429 1835 Fornmae
455 1804 564 1835 autem
589 1802 650 1835 1130
677 1805 767 1835 811111;;
799 1803 831 1845 1)
859 1812 941 1845 quae
966 1801 1032 1834 iam
1056 1802 1257 1834 acciderunt:

219 1869 254 1912 α)
293 1870 385 1902 1111110
411 1870 536 1903 scelere
563 1870 735 1903 commisso
760 1870 845 1903 male
870 1870 960 1902 audit
986 1870 1167 1913 (270—2).

219 1927 251 1972 β)
290 1928 413 1962 Graeca
437 1929 539 1962 libera
564 1932 597 1962 et
621 1930 764 1972 ingenua
790 1932 840 1962 est
864 1929 950 1972 apud
978 1930 1129 1961 barbaros
1156 1938 1249 1961 serva
1274 1928 1456 1971 (273—6).

217 1987 249 2029 γ)
292 1998 357 2020 11113
384 1988 482 2029 831118,
509 1999 604 2031 quam
632 1998 762 2031 sperare
788 1988 915 2032 licebat,
939 1998 1015 2020 cum
1040 1990 1165 2020 mortuo
1190 1987 1328 2028 coniuge
1352 1987 1457 2019 ablata

292 2049 344 2079 est
370 2046 429 2088 (27
435 2047 551 2089 7-9).

218 2101 249 2145 δ)
292 2104 329 2135 in
354 2114 392 2137 ea
416 2105 487 2146 ipsa
512 2105 660 2147 quamvis
685 2104 850 2138 innocenti
874 2105 968 2152 culpa
993 2107 1044 2144 est
1068 2104 1223 2137 interitus
1248 2107 1282 2137 et
1306 2104 1456 2137 miseriae

289 2161 459 2195 hominum
484 2162 515 2196 ei
540 2163 782 2196 carissimorum
808 2162 989 2207 (280—5).

266 2229 435 2265 Transitus
460 2243 479 2265 a
508 2231 540 2275 1)
565 2232 607 2265 ad
634 2232 684 2275 2):
725 2232 780 2265 Sic
804 2232 896 2265 nulla
926 2242 963 2266 re
988 2231 1053 2265 nisi
1078 2232 1174 2265 malis
1210 2233 1324 2265 affecta
1349 2231 1455 2275 periit.

166 2289 239 2322 Una
263 2290 391 2324 fortuna
416 2300 487 2324 eam
512 2293 622 2325 manet
648 2291 742 2335 (285.
770 2293 800 2325 6.
829 2291 905 2334 93):
