1721 2783
102 259 107 262 ²
174 255 370 288 praeconem
388 246 634 288 superbientem
655 247 738 289 petit
759 249 858 289 atque
882 247 1084 281 subsicivum
1101 253 1161 279 est.
1195 245 1360 279 Falsarius
1372 247 1485 279 tamen

804 71 851 103 44

174 187 291 230 opibus
316 187 443 228 valere,
482 190 520 220 ut
546 187 652 220 securi
678 198 755 221 cum
780 188 915 230 Argivis
946 189 1117 222 decertare
1141 186 1278 231 possint.
1330 177 1489 223 Sed-hoe

174 304 259 336 hane
295 303 402 346 ipsam
427 313 498 336 rem
529 304 705 337 arbitratus
741 307 792 337 est
830 305 1066 346 gravissimam.
1117 304 1232 347 Itaque
1270 305 1307 336 in
1332 313 1371 337 eo
1396 292 1486 346 quod

175 361 407 405 Athenienses,
434 362 462 394 si
479 361 673 395 Heraclidas
698 373 765 396 non
790 366 972 407 tuerentur,
997 362 1147 405 ignaviae
1172 361 1299 395 crimen
1323 362 1485 402 subirent,
1584 384 1596 395 -,

175 422 408 461 argumentum
434 420 603 459 invenisse
631 421 693 453 sibi
718 422 813 453 visus
839 425 905 465 est,
945 432 1009 464 quo
1034 421 1177 454 tuendos
1208 420 1284 453 illos
1310 430 1385 454 esse
1409 429 1486 454 oon-
1535 410 1595 460 ἢν

175 479 329 511 firmaret.
364 479 474 521 Atque
500 478 572 520 ipse
598 488 737 512 securus
762 478 897 524 τρισσαί
921 489 1059 513 numero
1084 488 1219 522 prorsus
1245 477 1396 521 neglecto
1420 472 1498 511 Dei
1547 466 1606 527 ᾖς

175 538 363 580 mophontis
389 538 567 571 orationem
594 540 709 580 quarto
734 539 851 572 ditavit
866 541 1068 581 argumento.
1120 536 1191 579 Quo
1217 537 1325 571 deleto
1350 536 1409 570 ine
1432 545 1486 570 re·

176 596 302 638 peritur
326 605 387 628 rex
412 605 491 627 vere
517 596 626 629 iustus
653 598 688 629 et
713 597 906 638 religiosus,
944 597 1077 639 quaiem
1102 596 1278 639 Euripides
1303 605 1381 629 eum
1406 604 1482 628 esse
1565 628 1609 634 Η

175 654 296 697 voluit,
333 664 410 686 nam
436 653 542 686 officia
568 655 720 687 omnibus
747 655 822 687 aliis
847 656 947 688 rebus
972 654 1161 698 postpositis
1186 656 1353 696 praestare
1378 653 1485 685 audet.
1524 670 1528 673 -
1575 647 1602 691 [ff.
1623 660 1626 662 “

178 712 314 745 Summa
347 714 459 744 autem
494 712 557 744 tria
583 712 765 745 officiorum
796 723 919 755 genera
946 713 1187 756 significantur,
1229 712 1372 755 primum
1397 710 1487 744 enim
1536 737 1545 759 ·,

178 773 302 812 spectat
327 769 368 802 ad
393 770 446 802 ius
472 770 637 811 divinum,
675 771 817 804 alterum
841 772 883 804 ad
909 772 964 804 ius
989 772 1180 814 humanum,
1205 770 1340 802 tertium
1364 769 1406 801 ad
1431 769 1487 801 ius

178 829 284 861 civile.
336 828 435 860 Puris
477 828 580 870 igitur
612 832 646 862 et
687 830 752 872 piis
794 830 903 862 causis
940 830 982 862 ad
1013 829 1152 862 tuendos
1193 827 1386 861 Heraclidas
1427 826 1488 859 du-

178 888 273 930 citur,
298 897 365 919 non
391 887 515 928 gloriae
541 887 729 930 cupiditate.
781 888 866 920 Tum
892 888 1035 928 demum,
1074 897 1150 920 cum
1168 896 1297 929 ¹praeeo
1333 896 1352 918 a
1376 884 1488 918 verbis

180 946 331 988 superbis
364 946 405 978 ad
440 945 567 978 facinus
605 946 714 988 ipsum
756 947 874 979 transit
912 947 1007 989 (267.
1043 945 1077 988 9)
1114 945 1333 988 repulsusque
1380 943 1488 976 minas

178 1005 291 1045 iactat,
333 1004 401 1036 irae
442 1003 562 1046 plenus
604 1004 646 1036 de
687 1004 866 1046 ignominia
908 1005 948 1037 ab
989 1003 1246 1037 Atheniensibus
1288 1001 1488 1045 prohibenda

177 1063 278 1096 verba
294 1062 417 1095 fundit:

231 1134 301 1165 284
379 1128 539 1176 φθείρου·
566 1130 603 1163 τὸ
630 1130 691 1164 σὸν
716 1131 780 1176 γὰρ
802 1128 923 1176 Ἄργος
949 1127 987 1165 οῖ)
1014 1127 1142 1165 δέδοικ’
1168 1117 1263 1172 &subs

384 1186 524 1222 ἐνθένδε
552 1184 586 1221 δ’
615 1186 679 1222 οὒκ
705 1187 847 1235 ἔμελλες
873 1186 1037 1235 αἰσχύνας
1063 1187 1123 1235 ἐμὲ

386 1245 475 1286 ἄξειν
502 1246 559 1292 βία
584 1245 720 1281 τούσδ’·
748 1246 788 1282 οἰ)
813 1249 876 1293 γὰρ
899 1245 1054 1294 Ἀργείων
1081 1247 1177 1282 πόλει

384 1303 536 1352 ὑπήκοον
562 1303 661 1352 τήνδ’
689 1303 768 1341 ἀλλ’
796 1305 982 1352 ἐλευθέραν
1008 1307 1090 1353 ἔχω.

181 1379 289 1419 Atque
315 1387 352 1409 re
379 1387 457 1409 vera
495 1378 570 1410 irati
608 1380 736 1410 tantum
763 1379 1042 1420 vehementerque
1080 1377 1233 1410 commoti
1259 1378 1310 1409 est
1347 1376 1388 1409 de
1413 1385 1489 1418 pro·

181 1435 343 1478 pulsanda
369 1445 388 1467 a
414 1445 451 1468 se
478 1435 615 1477 suisque
641 1436 822 1477 ignominia
847 1436 967 1478 dicere,
991 1446 1057 1468 non
1082 1436 1155 1468 eius
1181 1436 1239 1478 qui
1255 1445 1360 1476 aequo
1376 1434 1485 1466 animo

181 1495 302 1538 agendi
328 1504 444 1527 causas
471 1497 628 1538 exponat,
670 1494 712 1527 de
742 1494 883 1528 arcenda
914 1494 1094 1537 ignominia
1131 1504 1197 1527 non
1230 1493 1389 1536 cogitamr
1423 1491 1490 1524 nisi

181 1556 312 1596 accepta
350 1557 407 1586 aut
432 1556 593 1586 ostentata
620 1554 745 1586 saltem.
797 1553 904 1594 Quare
930 1557 1083 1596 quartum
1116 1555 1346 1595 argumentum
1371 1551 1490 1584 Demo-

182 1613 296 1656 phonti
321 1612 576 1645 abiudioandum
602 1615 663 1645 est.
713 1612 764 1645 Ibi
796 1613 886 1645 enim
917 1607 1016 1644 ‘canta‘
1037 1612 1139 1644 animi
1169 1611 1332 1654 aequitate
1357 1612 1422 1652 est,
1453 1611 1490 1641 ut

181 1673 325 1712 nomina,
352 1672 381 1703 si
405 1671 615 1711 Eurystheus
633 1671 761 1703 deferre
787 1671 936 1712 voluerit,
963 1679 1037 1704 sese
1063 1674 1271 1714 recepturum
1297 1679 1371 1703 esse
1396 1668 1490 1712 polli-

183 1734 297 1763 ceatur
324 1729 509 1772 (250—2).
561 1728 679 1771 Neque
705 1733 784 1762 nota
821 1730 916 1761 solita
940 1729 1183 1771 interpolationi
1208 1729 1316 1768 deest,
1354 1737 1431 1759 nam
1456 1730 1490 1759 et

181 1791 288 1834 priora
314 1793 348 1823 et
373 1789 552 1833 posteriora
578 1789 750 1832 compilata
776 1791 869 1830 sunt,
903 1799 1000 1822 suum
1025 1788 1177 1821 falsarius
1208 1797 1311 1830 paene
1343 1796 1409 1819 non
1434 1784 1490 1818 ad-

186 1850 278 1881 didit.
328 1848 442 1881 Velim
468 1848 633 1880 conferas:

236 1918 331 1962 [242]
360 1918 399 1951 τό
428 1912 460 1951 τ’
489 1913 642 1962 αἰσχρόν,
670 1912 776 1962 οὗπερ
802 1914 854 1949 δεῖ
879 1913 1023 1962 μάλιστα
1049 1913 1238 1962 φροντίσαι·
1266 1915 1305 1948 cf.

284 1978 324 2011 cf.
354 1979 425 2010 200
444 1986 493 2019 sq.
519 1973 541 2021 ἡ
568 1976 631 2020 γὰρ
658 1973 802 2021 αἷσχὺνη
828 1977 935 2020 πάρος
960 1979 1020 2009 τοῦ
1047 1976 1107 2022 ζῆν
1134 2003 1142 2011 .
1169 2000 1176 2008 .
1205 2000 1213 2008 .
1241 1974 1403 2020 νομίζεται

237 2048 320 2089 [243
340 2045 400 2089 sq]
430 2042 458 2078 εἰ
484 2044 546 2089 γὰρ
574 2045 719 2091 παρήσω
746 2042 842 2078 τόνδε
870 2042 1040 2078 συλᾶσθαι
1068 2042 1123 2088 βία
1150 2040 1243 2082 ξένου
1268 2042 1352 2087 πρὸς
1370 2039 1489 2086 ἀνδρὸς

1134 2101 1247 2149 βωμὸν
1273 2103 1314 2136 of.

286 2165 325 2198 cf.
356 2166 423 2198 197
454 2160 482 2197 εἰ
508 2162 570 2207 γὰρ
598 2159 669 2197 τόδ’
698 2161 801 2207 ἔσται,
841 2164 911 2197 249
939 2157 1054 2208 βωμοῦ
1080 2158 1176 2195 τοῦδ’
1203 2158 1399 2195 ἀποσπάσαι
1425 2157 1491 2203 βίᾳ.

240 2235 323 2277 [244
344 2233 404 2275 sq.]
434 2230 499 2265 οὒκ
524 2229 711 2277 ἐλευθέραν
738 2229 841 2265 οἰκεῖν
868 2230 1005 2277 δοκὴσω
1032 2234 1128 2273 γαῖαν
1154 2231 1194 2263 cf.

291 2294 330 2325 cf.
361 2293 429 2325 198
458 2288 497 2324 οἰ)
525 2287 612 2337 φήμ’
640 2287 787 2336 Ἀθήνας
812 2287 909 2324 τάσδ’
938 2287 1122 2335 ἐλευθέρας
1148 2288 1194 2323 ἔτι
1219 2289 1258 2322 of.
1287 2291 1356 2322 286
1378 2298 1425 2330 sq.
