1721 2779
822 73 869 106 20
1370 106 1373 108 ,
1408 89 1421 109 ,-

190 199 325 222 versum
369 190 439 222 752
484 188 623 231 deleam,
670 189 814 222 breviter
856 199 1027 231 exponam.
1091 189 1305 232 Interpolator
1347 206 1394 213 ——
1437 187 1497 221 lio-

191 248 300 280 mines
325 247 415 279 enim
440 247 577 279 minoris
609 246 736 288 ingenii
768 246 960 289 saepissime
991 249 1140 289 stupent,
1176 257 1243 290 non
1280 246 1423 288 cogitant
1447 263 1496 270 —
1585 273 1595 290 ,.

189 315 389 348 magnopere
415 296 572 345 niiratus,
603 304 691 347 quod
723 307 863 347 uterque
895 308 987 337 vates
1012 305 1053 337 de
1079 305 1254 337 simulacro
1278 305 1425 338 Helenae
1449 306 1498 348 ¹²5

192 367 314 407 cuerat⁷
338 365 424 397 hanc
449 374 520 396 rem
545 364 665 396 miram
691 363 876 406 explicasse
908 364 971 397 sibi
995 363 1126 397 videtur
1149 374 1250 397 versu
1276 365 1297 397 7
1301 365 1358 398 52.
1409 361 1498 398 Stul-
1535 366 1619 418 ἐξ

192 423 361 456 tissimum
385 425 496 455 autem
522 425 574 455 est
599 422 717 454 miram
741 432 828 463 rem,
866 423 901 454 in
927 433 991 465 qua
1016 425 1082 455 tom
1107 432 1162 455 res
1186 425 1351 463 versatur,
1390 422 1496 465 expli·
1568 421 1576 429 '
1591 418 1599 426 “

193 491 286 522 0310,
318 482 380 513 1100
411 480 501 513 0111111
534 482 585 512 est
616 480 832 513 fundamento
864 481 1028 513 subtracto
1057 483 1158 513 totam
1193 490 1265 513 rem
1293 480 1499 515 labefactare.

194 539 265 572 Hae
290 549 369 572 vero
394 539 465 582 ipsa
491 538 711 581 explicatione
742 538 828 571 nihil
858 539 1003 582 ineptius
1033 540 1089 572 hic
1118 539 1239 573 addere
1271 538 1392 582 potuit,
1422 548 1501 571 nam

195 598 325 640 culpam
350 598 480 630 vatibus
505 597 693 639 ademptam
717 597 759 629 ad
784 597 884 630 deum
909 598 1019 640 ipsum
1044 598 1210 641 transfert,
1234 608 1310 631 cum
1335 597 1399 638 dei⁷
1431 607 1501 630 om-

195 656 289 688 nium
320 656 480 688 bonorum
511 656 705 696 largitores,
744 656 873 687 vatibus
903 656 1076 688 inutilibus
1106 667 1126 688 a
1156 659 1251 698 poeta
1285 658 1496 698 opponantur.

196 714 341 747 Transeo
371 714 412 746 ad
444 714 588 746 alterum
621 713 741 746 locum.
793 713 1063 747 Wilamowitzius
1094 714 1178 747 anal.
1210 714 1287 747 Eur.
1313 724 1343 757 p.
1364 716 1432 747 241
1453 723 1500 757 sq.
1603 738 1612 746 -,
1627 733 1652 757 9

195 782 315 805 versus
343 775 412 806 756
433 783 481 814 sq.
521 772 703 812 damnavit,
742 782 805 814 ego
842 782 962 805 versus
990 774 1143 806 755—7
1184 775 1353 815 suspectos
1389 772 1501 805 habeo.
1567 760 1653 817 {3⁵³2

194 830 357 863 Versibus
386 832 532 863 744—8
559 830 622 862 hoc
650 830 797 872 ponitur:
827 830 1032 868 ,vaticinandi
1057 840 1111 862 ars
1135 830 1220 862 nihil
1245 833 1296 862 est
1320 830 1386 862 nisi
1412 830 1503 862 vani-
1572 834 1574 836 ’
1600 828 1646 862 'L

197 892 247 922 tas
272 892 371 932 atque
397 888 510 929 fraus‘,
536 888 572 919 id
597 888 687 930 quod
712 888 863 921 versibus
882 890 1050 922 749—51
1070 889 1294 921 confirmatur:
1323 888 1504 931 ‚utriusque

195 949 309 991 populi
339 952 448 987 vates,
496 948 634 981 Calchas
667 951 701 980 et
725 948 892 991 Helenus,
930 948 971 981 de
1010 948 1184 982 simulacro
1222 948 1243 981 i.
1270 958 1297 981 e.
1329 948 1372 981 de
1402 947 1505 980 nihilo

196 1008 336 1050 pugnari
361 1017 427 1039 non
454 1008 676 1045 monuerunt‘,
710 1016 739 1038 ν.
772 1008 842 1040 753
861 1016 909 1049 sq.
941 1016 985 1038 ex
1010 1007 1198 1039 confirmata
1226 1017 1264 1038 re
1289 1007 1352 1038 hoc
1380 1005 1506 1047 colligi-

196 1071 268 1099 tur:
303 1077 391 1108 ,ergo
417 1076 436 1098 a
462 1065 535 1098 deis
561 1065 773 1098 sacrificando
800 1066 882 1098 bona
908 1068 985 1099 sunt
1009 1066 1163 1109 petenda,
1195 1065 1381 1098 vaticinatio
1405 1075 1502 1109 repu-

197 1124 334 1157 dianda‘.
386 1124 478 1164 Quae
504 1134 559 1156 res
585 1134 662 1156 cum
687 1134 731 1156 ex
756 1134 791 1156 re
818 1123 990 1167 (744—8)
1011 1125 1076 1157 iam
1101 1125 1290 1157 confirmata
1308 1123 1504 1167 (749-51)

195 1184 380 1224 colligatur,
417 1193 476 1215 cur
501 1183 573 1224 ipsa
599 1183 812 1225 confirmetur
836 1183 987 1215 versibus
1014 1185 1084 1216 755
1109 1193 1157 1225 sq.
1193 1194 1259 1215 non
1285 1186 1345 1216 est.
1394 1173 1503 1225 Atque

200 1242 366 1275 sententia
391 1242 463 1283 ipsa
482 1241 515 1284 (7
520 1243 565 1275 53
584 1239 646 1283 sq.)
671 1243 760 1274 totus
786 1251 947 1274 excursus
969 1241 1093 1282 rectius
1110 1242 1232 1275 finitur.
1268 1241 1508 1276 Gravissimum

199 1303 311 1332 autem
337 1303 398 1340 est,
435 1300 524 1341 quod
549 1300 670 1331 chorus
695 1309 772 1331 cum
796 1300 916 1331 nuntio
942 1300 984 1332 de
1009 1302 1078 1340 arte
1103 1300 1301 1332 vaticinandi
1325 1299 1508 1332 damnanda

200 1359 412 1393 consentiens
438 1358 480 1391 de
505 1358 598 1390 nulla
623 1357 689 1390 alia
713 1367 750 1390 re
775 1357 842 1390 nisi
867 1357 909 1390 de
934 1358 988 1391 his
1007 1358 1157 1391 versibus
1184 1358 1269 1402 (753
1287 1357 1348 1402 sq.)
1373 1367 1507 1401 respon-

201 1420 259 1452 det
284 1418 492 1460 (758—60).
534 1418 662 1451 Deinde
687 1417 772 1450 illud
797 1418 932 1459 quidem
956 1428 1055 1451 versu
1082 1420 1152 1452 755
1178 1422 1270 1452 vates
1294 1418 1507 1461 decipientes,

201 1487 301 1510 versu
330 1478 399 1509 756
426 1476 578 1508 homines
605 1476 645 1507 ab
672 1474 722 1508 eis
755 1475 908 1518 deceptos
940 1476 1119 1517 significari
1147 1477 1334 1509 coniectum
1362 1476 1508 1518 assequi-

200 1546 292 1577 mur,
317 1535 571 1578 vituperandum
596 1537 708 1567 tamen
733 1537 800 1575 est,
832 1535 919 1578 quod
944 1535 1025 1569 haec
1049 1536 1180 1569 diversa
1204 1545 1328 1578 genera
1351 1534 1508 1568 vocabulo

199 1596 259 1628 ,καί
289 1598 357 1626 tam
387 1596 457 1626 arte
490 1594 578 1625 inter
611 1603 648 1626 se
681 1594 854 1626 coniuncta
880 1597 974 1637 sunt,
1011 1597 1049 1626 ut
1083 1594 1247 1627 lucrosam
1283 1604 1359 1627 esse
1396 1594 1508 1626 vatici-

202 1653 303 1686 nandi
328 1655 434 1685 artem
461 1651 578 1685 eodem
603 1661 707 1693 paene
733 1654 880 1694 tempore
906 1655 940 1684 et
963 1652 1147 1685 affirmetur
1171 1656 1205 1686 et
1228 1655 1384 1695 negetur:
1417 1662 1509 1695 sepa-

203 1711 304 1744 randa
345 1714 444 1753 atque
487 1710 681 1753 opponenda
723 1710 786 1742 sibi
825 1713 919 1743 erant
959 1711 1041 1743 haec
1065 1721 1196 1753 genera.
1231 1711 1387 1754 Sequitur
1428 1711 1509 1743 haec

202 1780 290 1803 nova
316 1769 481 1802 sententia
519 1770 559 1801 ab
585 1769 816 1811 interpolatore
842 1769 954 1802 addita
980 1769 1094 1811 (757):
1140 1780 1244 1810 ,mens
1270 1773 1304 1803 et
1337 1769 1510 1802 consilium

203 1829 346 1871 optimus
388 1831 440 1860 est
486 1826 596 1860 vates‘.
648 1827 784 1860 Etenim
826 1827 905 1860 deos
943 1828 1009 1860 13111
1049 1828 1208 1861 habemus
1250 1829 1378 1861 vatibus
1419 1830 1510 1861 ante-

203 1888 327 1931 positos
365 1887 451 1930 (753
479 1886 559 1930 sq.),
601 1886 636 1919 id
668 1886 756 1930 quod
788 1886 907 1920 chorus
937 1886 1140 1930 respondens
1172 1887 1380 1932 (758—60)
1423 1896 1510 1921 com-

203 1948 325 1989 probat.
377 1946 491 1979 Verba
522 1948 633 1978 autem
659 1943 779 1991 ἀρίστη
806 1946 919 1991 μάντις
946 1947 1102 1988 surripuit
1133 1957 1176 1981 ex
1201 1957 1300 1980 versu
1327 1949 1399 1989 760
1424 1943 1510 1991 (ἀρί-

205 2015 287 2051 στην
315 2002 495 2051 μαντικήν).

304 2064 450 2096 Transeo
482 2063 524 2095 ad
551 2062 696 2096 Menelai
735 2064 972 2097 oratiunculam
1007 2075 1027 2097 3
1051 2074 1150 2097 versu
1176 2067 1247 2098 842
1286 2064 1510 2107 incipientem„

204 2123 337 2156 Versus
362 2120 510 2157 851—4
531 2122 652 2166 optimo
671 2122 744 2156 iure
767 2122 936 2156 Nauckius
955 2123 1021 2156 iam
1035 2123 1070 2156 111
1083 2123 1133 2157 ed.
1147 2123 1173 2156 I.
1191 2123 1315 2157 notavit
1331 2126 1509 2167 suspectos.
1628 2160 1640 2169 .<
1690 2167 1694 2173 ι

201 2183 276 2224 Ego
313 2193 401 2223 vero,
445 2183 597 2224 quamvis
636 2185 797 2223 metuam,
842 2193 884 2215 ne
926 2183 1046 2225 quibus
1084 2184 1183 2216 nimis
1221 2194 1343 2226 pronus
1380 2184 1416 2215 in
1458 2192 1511 2215 su·
1557 2183 1560 2186 ’
1609 2175 1657 2234 J

202 2241 386 2284 spicionem
413 2251 488 2275 esse
514 2241 646 2285 videar,
676 2241 784 2274 facere
809 2251 876 2274 non
900 2251 1049 2284 possum,
1075 2242 1157 2285 quin
1182 2252 1300 2276 versus
1325 2243 1510 2276 843—50
1593 2251 1631 2278 21²<
1667 2239 1677 2270 π’
