1721 2783
827 55 875 87 40

195 173 403 217 bacchantur,
428 173 602 217 vituperat,
626 172 661 205 id
687 182 724 206 se
749 183 847 215 agere
872 172 963 216 dicit,
998 175 1036 206 ut
1059 172 1100 205 ab
1125 172 1187 205 hoc
1211 170 1321 205 furore
1345 181 1406 215 per
1428 166 1499 206 vim

194 241 251 265 eas
276 235 418 275 revocet,
442 232 597 265 iuvenem
622 235 733 265 autem
750 231 895 272 Lydium
919 232 940 264 i.
958 241 987 265 e.
1004 231 1183 272 Bacchum,
1207 241 1227 264 a
1252 241 1317 274 quo
1341 230 1382 264 ad
1398 230 1501 265 talem

194 292 422 324 temeritatem„
438 291 652 324 instituantur
669 294 703 324 et
719 293 979 333 corrumpantur,
997 289 1128 333 (securi)
1146 299 1222 323 esse
1238 289 1506 340 percutiendum*
1552 284 1610 340 ,ζ

191 348 262 381 Iam
287 350 458 389 habemus⁷
496 351 530 382 et
568 349 648 391 quid
674 348 854 391 deliquerit
890 348 1021 381 iuvenis
1046 348 1242 391 peregrinus
1267 350 1301 380 et
1339 347 1500 391 quomodo

197 409 459 441 animadvertere
485 408 521 440 in
538 417 615 440 eum
640 407 698 440 ille
724 407 813 440 velit.
866 407 1021 450 Sequitur
1044 409 1155 441 autem
1181 406 1354 450 (242-7)
1383 407 1497 441 eadem
1532 425 1546 442 -.

192 477 247 500 res
272 468 438 510 bipertita,
476 467 586 499 scelus
612 469 645 499 et
669 476 792 509 poena,
828 466 978 508 quamvis
1009 465 1074 499 alia
1110 476 1184 499 esse
1223 466 1310 508 prior
1348 475 1423 508 pars
1447 466 1500 498 vi-
1549 465 1556 473 '

192 525 317 557 deatur.
345 525 462 557 Scelus
488 525 578 557 enim
603 534 693 556 nunc
718 534 784 556 non
809 525 846 556 in
870 524 1024 567 facinore,
1050 524 1108 557 sed
1133 524 1168 555 in
1186 523 1331 556 doctrina
1355 524 1498 566 positum

193 587 260 625 est,
287 584 403 616 eadem
428 586 539 616 ‘tamen
574 586 674 625 atque
714 584 814 626 suPra
838 593 942 625 poena
972 583 1183 615 denuntiatur
1207 583 1253 615 ita
1278 585 1418 623 mutam,
1460 585 1500 616 ut

191 641 342 684 laqueus,
367 652 433 674 non
460 641 588 674 securis
613 651 690 674 eum
716 642 857 674 maneat.
883 641 953 674 Iam
979 641 1061 674 duas
1087 641 1236 674 eiusdem
1267 641 1317 674 rei
1341 641 1499 675 narratio·

191 711 252 733 nes
278 702 340 733 1100
364 701 436 733 1000
462 703 594 733 exstare
620 700 655 732 in
681 700 830 732 diversas
855 703 964 742 partes
983 703 1167 743 spectantes
1192 700 1351 733 videmus.
1391 699 1499 741 Quare

191 768 269 791 cum
294 759 464 792 Pentheus
503 769 546 792 ex
571 759 672 791 rebus
698 758 955 791 Baechanalibus
992 758 1155 791 naturalia
1191 761 1320 791 tantum
1345 758 1499 802 excipere

192 819 296 852 soleat
334 818 443 861 nequ'e
470 818 650 861 quidquam
687 818 729 851 de
756 817 930 860 disciplina
969 818 1053 851 scire
1079 818 1199 862 possit,
1233 818 1323 861 prior
1357 819 1500 852 narratio

191 878 349 921 (233—8
390 881 424 910 et
452 877 637 919 239—41)
663 878 709 909 sit
733 878 887 920 genuina,
926 878 1036 920 spuria
1073 877 1232 919 posterior
1265 877 1424 920 (242—5
1464 880 1499 910 et

193 939 262 970 246
292 936 354 980 sq.)
381 946 519 970 necesse
546 939 606 969 est.
659 935 749 976 Quae
774 936 993 978 interpolandi
1031 936 1157 969 occasio
1182 936 1298 977 fuerit,
1341 946 1494 979 quaeras:

192 996 360 1027 simillima
384 998 484 1037 atque
509 995 568 1026 illo
585 994 731 1027 Helenae
748 994 819 1027 loco
847 994 1028 1037 [256—9J.
1063 994 1106 1027 Et
1129 991 1228 1039 τὲρας
1252 995 1297 1027 ibi
1315 995 1400 1038 (Hel.
1414 994 1500 1038 260)

191 1058 223 1086 et
248 1054 310 1086 1100
335 1054 406 1085 1000
431 1051 552 1098 θαῦμα
578 1052 707 1095 (Bacch.
736 1051 837 1094 248),
877 1053 1033 1086 vocabula
1060 1053 1245 1094 simillima,
1282 1053 1323 1085 ad
1348 1054 1499 1097 verbum,

190 1124 256 1146 non
281 1113 322 1145 ad
349 1113 547 1146 sententiam
582 1113 622 1145 ab
647 1112 879 1155 interpolatore
918 1115 1049 1155 accepta
1081 1115 1165 1146 sunt.
1216 1112 1279 1146 Hic
1305 1122 1433 1156 quoque
1459 1122 1498 1146 re

189 1173 290 1214 mira,
331 1172 465 1204 feminis
491 1171 655 1203 Thebanis
693 1181 712 1203 a
737 1181 832 1212 mago
857 1171 965 1211 Lydio
1002 1172 1179 1214 corruptiS,
1221 1182 1287 1204 non
1325 1174 1500 1204 contentus

190 1233 379 1273 portentum
404 1230 513 1272 ipsum
540 1229 738 1262 desideravit
765 1230 969 1272 sumpsitque
1002 1240 1078 1262 cum
1103 1230 1235 1263 aliunde
1260 1233 1331 1263 tum
1357 1240 1399 1263 ex
1424 1241 1498 1264 ver-

192 1290 282 1321 sibus
310 1291 491 1329 284-97‚
518 1288 575 1330 qui
600 1288 664 1329 ipsi
690 1298 733 1320 ex
759 1289 909 1320 versibus
936 1290 1081 1322 88—98
1108 1290 1237 1321 conficti
1250 1292 1351 1321 erant.
1402 1289 1499 1322 Unde
1553 1315 1559 1320 .
1615 1280 1669 1322 '⁷⁴1

190 1351 221 1380 et
248 1356 333 1388 quae
359 1346 572 1388 interpolator
598 1347 767 1377 mutuatus
793 1346 846 1389 sit,
870 1346 906 1378 in
932 1346 1059 1379 tabulas
1084 1347 1240 1379 referam:

243 1412 339 1456 [242]
369 1410 494 1446 ἐκεῖνον
513 1413 540 1456 1)
567 1410 652 1446 εἷναί
678 1423 758 1459 φησι
784 1410 945 1447 Διόνυσον
971 1412 1066 1453 θεόν,
1093 1414 1132 1446 01.

266 1474 307 1506 01.
338 1475 382 1507 27
436 1469 598 1506 Διόνυσον
624 1470 688 1506 οὒκ
714 1471 864 1517 ἔφασκον
891 1470 1028 1518 ἐκφῦναι
1054 1469 1141 1514 Διός,

244 1541 339 1584 [243]
368 1539 491 1581 ἐκεῖνος
516 1540 553 1575 ἐν
580 1546 674 1587 μηρῷ
701 1537 780 1574 ποτ’
808 1539 938 1587 ἐρράφη
965 1538 1053 1580 Διὸς,
1080 1555 1129 1570 =

337 1614 394 1629 Ξ
416 1601 499 1643 [286
519 1601 580 1643 sq]
610 1598 655 1641 ὡς
672 1598 840 1646 ἐνερράφη
858 1597 937 1641 Διὸς
963 1605 1059 1646 μηρῷ
1086 1602 1138 1643 (01.
1158 1601 1241 1645 295)
1268 1602 1391 1636 conflet.
1411 1612 1429 1635 e
1449 1605 1494 1636 96

242 1671 337 1712 [244]
368 1669 405 1707 ὃς
430 1668 634 1712 ἐκπυροῦται
661 1668 832 1713 λαμπάσιν
858 1670 1049 1712 κεραυνίαις
1074 1670 1113 1701 cf.

338 1738 376 1770 cf.
407 1737 490 1780 [288
511 1737 571 1780 sq]
601 1735 672 1770 ἐπεί
695 1747 739 1769 νιν
764 1732 896 1782 ἥρπασ’
924 1735 964 1770 ἐκ
982 1736 1089 1781 πυρὸς
1106 1735 1282 1782 κεραυνίου
1308 1739 1433 1771 confict.
1451 1748 1494 1772 ex

1261 1800 1305 1830 92
1325 1807 1372 1839 sq.

242 1864 337 1907 [245]
367 1865 426 1898 σὺν
453 1861 563 1910 μητρί,
590 1861 690 1903 Δίους
717 1861 764 1897 ὅτι
790 1863 915 1910 γάμους
941 1862 1117 1909 ἐψευσατο.
1145 1866 1184 1898 01.

338 1925 379 1957 cf.
408 1927 452 1958 31
482 1919 565 1969 Ζῆν’
594 1948 601 1955 .
629 1948 636 1956 .
664 1948 671 1956 .
700 1920 748 1956 ὅτι
774 1922 902 1969 γάμους
927 1921 1102 1968 ἐψεύσατο.

242 1994 337 2036 [246]
367 1991 462 2026 ταῦτ’
489 1990 567 2036 οὒχὶ
593 1990 702 2037 δεινῆς
729 1989 878 2037 ἀγχόνης
903 1990 1035 2032 ἐπάξια,
1434 1989 1452 2087 }
1472 2022 1487 2053 f

241 2051 337 2094 [247]
366 2047 479 2094 ὕβρεις
497 2047 637 2095 ὒβρίζειν
654 2051 706 2094 (01.
722 2050 840 2093 1297),
868 2047 956 2090 ὅστις
974 2049 1059 2083 ἔστιν
1077 2047 1095 2083 ὁ
1115 2048 1219 2091 ξὲνοςς
1248 2050 1299 2093 (01.
1323 2051 1406 2093 220)
1453 2031 1471 2053 C
1485 2046 1493 2054 ⁸

402 2123 473 2155 240
499 2117 617 2154 παύσω
643 2124 831 2154 κτυποῦντα
856 2118 985 2164 θῦρσον
1011 2118 1206 2170 ἀναςείοντά
1230 2131 1267 2154 τε

288 2151 326 2182 Cf'
354 2118 373 2215 ἶ
402 2182 470 2212 241
499 2177 618 2224 κόμας,
645 2176 817 2223 τράχηλον
845 2179 1001 2224 σώματος
1026 2178 1131 2223 χωρὶς
1157 2180 1273 2225 τεμών.

273 2298 297 2332 1)
320 2296 426 2330 ἐκεῖνος
446 2294 527 2331 libri,
549 2294 665 2323 emend.
687 2293 859 2323 Elmsleius.
