1721 2783
0 1057 7 1064 ι
0 1005 9 1015 ι.
0 670 18 982 stt-*tfvaertss-,z‘m-:r

23 949 25 952 —
30 911 32 914 ,
24 899 26 902 «
19 858 27 862 1
20 841 23 844 *
27 819 29 821 ,
22 785 33 800 a,
19 723 21 725 ·
31 694 36 699 a

42 947 45 950 Δ
51 912 53 915 ἡ
45 883 51 889 .,
57 826 60 831 .
45 790 59 798 ,l
44 778 47 779 ,
40 744 41 747 Α
42 668 46 680 >r

131 228 135 240 -,
190 196 307 240 Neque
332 200 442 240 tamen
468 196 672 230 desideratur
696 196 771 229 talis
796 196 987 238 explicatio:
1016 206 1099 239 quae
1124 206 1179 229 res
1203 196 1329 228 homini
1354 205 1420 227 non
1437 196 1487 227 in-

192 256 323 301 sipienti
359 255 445 288 ultro
472 265 508 288 se
540 256 698 298 offerimt,
728 264 794 287 non
824 257 877 287 est
908 264 967 287 cur
998 265 1017 287 a
1047 257 1141 297 poeta
1172 255 1357 288 afferantur.
1410 253 1489 286 Tale

138 355 139 358 Ἴ
191 323 269 360 yero
293 313 426 346 dicendi
449 323 555 356 genus
585 313 759 356 Euripides
790 312 901 346 hercle
931 322 997 345 non
1027 313 1177 345 admisit·
1226 313 1275 345 Ae
1304 312 1415 345 neseio
1445 322 1488 344 an

193 372 331 404 sciolum
355 369 652 415 deprehendamus,
686 372 744 414 qui
765 367 961 410 Ὀδυσσέως
986 367 1051 404 ὑπὸ
1078 368 1279 416 Πηνελόπης
1305 367 1488 414 ἀναγνωρι-

132 442 141 479 ⁴·
192 432 278 474 σμοῦ
316 439 442 463 memor
479 430 671 472 sapientiam
710 439 802 462 suam
834 439 877 463 ex
907 429 1001 464 Hom.
1029 430 1062 475 ψ,
1091 431 1295 476 1074—110
1327 431 1489 471 sumptam

148 519 151 523 ,
192 488 344 531 Euripidi
368 489 533 523 inusserit.
586 487 691 529 Quam
715 491 784 521 arte
809 497 928 521 versus
955 490 1025 522 285
1044 498 1091 531 sq.
1118 491 1152 520 et
1178 490 1248 521 293
1269 498 1315 530 sq.
1342 488 1428 520 inter
1454 497 1490 519 se

195 548 397 590 cohaereant,
423 547 509 580 oculi
535 550 567 580 te
593 547 769 580 docebunt:

269 607 338 639 285
432 631 439 638 .
467 631 474 639 .
502 630 509 637 .
537 602 625 638 ἀλλὰ
651 602 745 639 πάντ’
773 604 901 651 ἔχουσα
927 604 1076 651 δυστυχῆ

269 666 337 698 286
390 667 457 705 τοῖς
482 661 670 710 πράγμασιν
695 662 858 711 τέθνηκα,
884 668 952 706 τοῖς
978 660 1011 698 δ’
1040 663 1180 709 ἔργοισιν
1207 660 1255 698 οὔ.

271 724 339 756 293
390 719 423 755 τί
450 720 523 769 δῆτ’
553 721 600 756 ἔτι
627 723 690 764 ζῶ;
716 720 779 757 τίν’
808 720 1031 769 ὑπολείπομαι
1056 723 1177 769 τῦχηνς

270 784 339 815 294
389 782 514 827 γάμους
539 779 682 828 ἑλομένη
707 787 773 816 τῶν
799 788 913 819 κακῶν
940 779 1133 826 ὑπαλλαγάς
1157 781 1228 815 κτλ.

194 840 320 874 Versus
346 841 434 874 enim
461 843 530 874 285
551 851 597 884 sq.
626 843 695 875 293
723 852 742 874 a
767 842 907 874 fortunis
931 842 1127 875 miserrimis
1153 851 1236 884 quae
1262 841 1409 874 Helenae
1433 841 1492 873 ad-

193 900 258 931 huc
283 899 472 931 acciderunt
496 900 538 931 ad
564 910 637 932 eam
669 905 779 942 aperte
811 903 982 932 transeunt
1014 910 1096 942 quae
1126 909 1216 931 1111110
1247 899 1339 931 illam
1372 901 1493 942 manet,

194 957 235 989 ad
260 957 448 998 coniugium
473 967 548 989 eum
573 958 642 990 viro
668 956 804 991 barbaro
828 958 1018 990 ineundum.
1065 957 1128 997 Qui
1152 957 1310 989 transitus
1335 957 1487 990 versibus

197 1018 364 1051 287—92
392 1016 522 1049 medius
547 1017 803 1060 interrumpitur.
844 1017 894 1051 De
919 1020 1014 1060 poeta
1040 1016 1285 1059 elegantissime
1310 1016 1372 1049 1100
1396 1016 1493 1048 1110ᾱο

194 1077 235 1109 ad
260 1087 332 1109 rem
355 1077 500 1109 futuram
525 1080 716 1110 transeunte
740 1080 811 1109 nos'
826 1088 892 1110 non
917 1087 1046 1110 errasse
1071 1077 1167 1110 testis
1192 1078 1244 1109 est
1259 1077 1351 1109 locus
1365 1076 1490 1119 prologi

196 1135 400 1177 simillimuS,
441 1137 485 1168 53
507 1145 594 1178 sqq.:
634 1132 656 1181 ἡ
684 1134 721 1168 δὲ
747 1136 852 1169 πάντα
876 1131 973 1169 τλᾱσ’
1002 1133 1066 1177 ἐγὼ
1099 1134 1289 1180 κατάρατός
1322 1132 1387 1180 εἰμι
1413 1161 1420 1168 .
1448 1160 1455 1167 .
1484 1161 1490 1168 .

195 1193 226 1228 τί
251 1190 326 1240 δῆτ’
355 1193 399 1227 ἔτι
425 1194 470 1232 ζῶ
483 1194 527 1237 1);
570 1194 653 1228 θεοῦ
693 1191 762 1229 τόδ’
791 1191 963 1240 εἰσήκοοσ’
992 1194 1070 1233 ἔπος
1101 1191 1246 1240 Ἑρμοῦ,
1275 1186 1321 1228 ’τὸ
1359 1192 1492 1228 κλεινόν

276 1290 299 1325 ²)
322 1289 459 1318 Ceterum
480 1298 539 1318 non
559 1289 690 1318 alienum
710 1290 827 1319 videtur
854 1290 1008 1327 adnotare,
1040 1290 1166 1327 repetita
1198 1290 1230 1318 in
1262 1289 1363 1318 eadem
1394 1289 1493 1318 fabula

197 1337 348 1376 complura
368 1338 457 1367 verba
477 1347 515 1368 ne
536 1338 741 1376 suspicionem
763 1339 883 1377 quidem
903 1339 979 1368 mihi
1001 1339 1078 1376 dare,
1100 1338 1154 1368 sed
1174 1347 1243 1368 cum
1263 1337 1331 1368 aliis
1351 1338 1383 1368 in
1398 1338 1490 1368 rebus

197 1387 336 1416 falsarius
357 1388 508 1423 cernatur,
535 1388 599 1415 tum
620 1387 738 1416 demum
760 1388 796 1417 de
815 1388 893 1417 furto
914 1397 960 1416 me
982 1387 1116 1417 clamare.
1157 1387 1223 1416 Non
1245 1387 1375 1416 multum
1396 1396 1488 1424 quae-

196 1435 274 1464 renti
294 1435 327 1463 hi
348 1435 496 1464 eiusmodi
517 1435 649 1465 Helenae
670 1436 786 1465 fabulae
805 1436 865 1466 loci
885 1437 1003 1473 praesto
1024 1436 1101 1465 mihi
1122 1439 1199 1473 suut,
1222 1436 1258 1465 de
1280 1436 1390 1473 quibus
1405 1436 1492 1465 dubi—

197 1484 254 1514 tari
275 1484 395 1522 nequit:

237 1533 278 1570 (1)
321 1532 377 1562 141
389 1534 419 1562 et
436 1533 490 1562 158
511 1533 610 1569 καλὼς
631 1533 732 1569 ἔλεξας
753 1534 888 1571 (formula
909 1534 1028 1563 dicendi
1049 1534 1179 1563 maxime
1201 1534 1304 1564 solita:
1327 1533 1392 1564 Alc.
1406 1533 1484 1563 1104

198 1582 309 1612 Bacch.
332 1582 400 1617 953,
421 1582 494 1612 Hec.
517 1583 604 1619 1007,
625 1582 669 1612 ΕΙ.
694 1582 760 1620 640,
781 1583 850 1613 Her.
874 1583 941 1621 726,
968 1583 1057 1621 Hipp.
1081 1584 1148 1621 715,
1179 1583 1244 1620 Iph.
1266 1583 1296 1613 T.
1318 1583 1392 1619 9093
1425 1582 1491 1620 Iph.

200 1632 235 1660 Α.
257 1630 325 1668 829,
347 1631 412 1668 Iph.
434 1631 463 1661 Τ.
485 1631 556 1669 597,
578 1631 644 1669 766,
666 1631 729 1662 Ion.
752 1632 833 1666 648).

237 1679 280 1717 (2)
321 1680 379 1709 315
400 1681 430 1709 et
452 1679 528 1709 1233
550 1678 629 1709 οἶσθ’
652 1678 699 1709 οὖν
718 1680 733 1709 ὃ
755 1680 869 1720 &panon
899 1681 1037 1718 (formula
1059 1681 1177 1711 dicendi
1199 1681 1299 1711 solita:
1332 1681 1404 1712 Hec.
1426 1682 1496 1719 225,

197 1728 265 1766 Iph.
287 1730 323 1758 A.
345 1728 411 1766 725,
433 1728 495 1758 Ion.
519 1729 604 1764 1029,
628 1729 710 1767 Cycl.
734 1729 811 1777 131).

237 1778 280 1816 (3)
320 1778 378 1808 929
400 1779 430 1808 et
453 1778 527 1808 1291
549 1778 586 1818 ἢν
606 1778 634 1808 δ’
657 1777 777 1809 Ἑλλάδ’
796 1779 888 1809 ἔλθω.

238 1827 280 1864 (4)
321 1827 360 1857 54
380 1837 424 1865 sq.
445 1830 476 1857 et
496 1828 553 1857 927
575 1837 618 1866 sq.
641 1828 773 1867 προδοῦσ’
797 1830 862 1868 ὲμὸν
895 1832 908 1864 {l
941 1831 1029 1860 πόσιν.

238 1875 280 1912 (5)
361 1876 431 1913 [402
452 1878 526 1906 extr.
541 1875 574 1906 κ’
595 1877 636 1912 εἷς
657 1878 761 1915 πάτραν
781 1879 893 1917 χρῄζων
914 1879 1010 1914 μολεῖν
1030 1879 1099 1908 vide
1120 1888 1148 1916 p.
1172 1879 1218 1908 19.

321 1875 341 1993 ἱ
360 1924 418 1954 407
441 1927 517 1955 extr.
539 1926 610 1955 ὥστε
631 1925 664 1963 μ’
688 1925 728 1963 εἰς
748 1927 857 1966 πάτραν
878 1927 983 1966 μολεῖν.

363 1974 438 2004 1283
461 1984 505 2012 sq.
528 1976 599 2005 ὥστε
620 1974 650 2004 c'
672 1979 711 2011 εἰς
733 1977 837 2015 πάτραν
870 1980 883 2012 ΙΙ
918 1976 1022 2006 ἐλθεῖν.

201 2022 287 2052 Addo
308 2023 382 2052 haee
403 2023 460 2052 tria
480 2023 612 2053 locorum
633 2024 728 2061 paria:

358 2071 416 2103 856
437 2074 512 2104 extr.
534 2072 585 2104 καὶ
606 2083 771 2114 μεταστητω
791 2078 898 2105 κακῶν.

358 2122 435 2151 1442
456 2124 532 2152 extr.
554 2126 602 2151 καὶ
622 2124 795 2161 μετάστησον
814 2129 915 2154 κακῶν.

318 2171 337 2249 ί
358 2171 435 2199 1099
457 2171 521 2206 ἅλις
542 2171 572 2199 δὲ
592 2171 684 2208 λόμης
704 2171 740 2210 ἦν
760 2172 793 2210 μ’
816 2172 948 2211 ἐλυμήνω
970 2173 1069 2212 πάρος.

359 2219 436 2250 1446
457 2220 521 2256 ἅλις
541 2220 571 2250 δὲ
593 2221 709 2260 μόχθων
730 2219 779 2256 οὓς
800 2221 980 2261 ἐμοχθοῦμεν
1001 2222 1097 2262 πάρος.

319 2268 338 2347 {
360 2269 446 2307 1293,
468 2270 487 2298 2
507 2270 544 2309 ἢν
564 2270 635 2309 γυνὴ
655 2273 723 2309 γένῃ
744 2269 805 2300 οἵαν
825 2271 953 2309 γενέσθαι
973 2271 1031 2310 χρὴ
1047 2282 1077 2300 σε
1099 2269 1138 2310 σῷ
1160 2274 1315 2310 ξυνευνέτῃ.

360 2317 435 2348 1407
458 2326 501 2356 sq.
523 2320 593 2354 ἕξεις
614 2321 645 2347 δέ
665 2318 698 2357 μ’
721 2317 783 2348 οἵαν
803 2318 862 2358 χρή
874 2317 902 2347 α’
922 2318 993 2357 ἔχειν
1014 2320 1042 2348 ὲν
1062 2319 1169 2355 δώμασι
1189 2320 1316 2358 γυναῖκ’.
