1721 2783
704 404 974 481 VITA.

233 718 237 720 e
285 657 430 719 Natus
462 695 543 719 sum
567 684 801 736 Hermamius
829 685 968 731 Goguel
1008 686 1066 721 die
1090 685 1171 720 XV.
1204 696 1251 721 m.
1276 684 1369 731 Sept.
1395 686 1483 722 anni

179 750 408 789 MDOCOLV
431 753 712 800 Langenbielau,
737 755 777 789 in
802 765 893 800 pago
919 755 1051 790 incolis
1076 754 1367 800 frequentissimo
1392 753 1482 789 Sile-

188 822 269 857 siae.
320 821 422 858 Fidei
447 823 613 858 addictus
638 823 865 868 evangelicae
892 820 935 858 ab
975 833 1069 857 anno
1094 822 1215 857 LXVI
1253 823 1484 868 gymnasium

171 890 424 946 ‘Suidnioense
448 901 513 937 per
537 891 696 926 lustrum
722 895 757 926 et
783 902 848 927 sex
873 902 1015 926 menses
1033 891 1272 936 frequentavi,
1298 891 1427 925 deinde
1447 894 1482 925 et

186 959 259 994 duo
291 960 480 1005 gymnasia
504 960 802 995 Vratislaviensia
831 964 867 995 et
900 971 1019 995 unum
1043 959 1280 995 Berolinense
1311 969 1375 1005 per
1409 959 1483 993 sin-

183 1028 290 1074 gulos
317 1039 441 1064 annos.
491 1028 711 1065 Maturitatis
736 1030 945 1065 testimonio
972 1031 1183 1064 exstructus
1209 1031 1245 1064 et
1268 1030 1308 1067 in
1333 1029 1482 1064 univer-

187 1097 290 1132 sitate
314 1095 466 1132 Halensi
492 1099 742 1143 theologorum
768 1099 889 1133 ordini
915 1099 1118 1144 adscriptus
1143 1108 1206 1143 per
1237 1108 1303 1132 sex
1334 1107 1482 1132 menses

119 1164 131 1183 ’-
184 1158 310 1202 audivi
335 1178 391 1202 vv.
410 1167 466 1203 dd.
493 1166 698 1214 Beyschlaq,
723 1166 878 1213 Bm'eyer,
903 1166 1063 1203 Kaehler.
1098 1165 1238 1202 Deinde
1262 1167 1303 1201 in
1321 1167 1479 1217 Jmiver-

185 1236 288 1272 sitate
304 1236 481 1272 Viadrina
506 1237 637 1272 studiis
662 1237 890 1283 philologieis
918 1247 1063 1283 operam
1089 1237 1171 1272 dedi
1187 1247 1252 1283 per
1269 1237 1477 1282 quinquen-

183 1306 288 1341 nium
319 1306 533 1353 scholasque
569 1307 693 1342 audivi
722 1307 958 1353 philologioas
985 1318 1042 1341 vv.
1070 1307 1126 1341 dd.
1152 1305 1268 1349 Hertz,
1294 1305 1474 1348 Ludwiaeh,

182 1372 444 1418 Reifferschezd,
475 1374 664 1418 Rossbach,
702 1374 897 1420 Weinhold,
929 1376 1118 1410 historicas
1150 1377 1185 1410 et
1220 1375 1480 1420 geographicas

183 1453 242 1477 vv.
268 1443 325 1478 dd.
351 1443 554 1486 Newmann,
592 1443 755 1486 Partsch,
792 1443 1057 1489 philosophicas
1088 1454 1121 1477 v.
1153 1443 1185 1477 d.
1216 1441 1366 1487 Dicthey.
1419 1442 1478 1477 Ad

63 1503 129 1551 5ζῆ
185 1512 461 1547 exercitationes
487 1512 775 1558 archaeologioas
800 1523 833 1546 v.
861 1512 893 1547 d.
919 1511 1094 1547 Rossbach
1118 1521 1176 1545 me
1201 1511 1354 1545 admisit.

74 1563 134 1631 ἶ
284 1579 426 1621 Quibus
450 1581 540 1615 viris
567 1581 699 1626 optime
725 1581 768 1615 de
793 1591 850 1615 me
876 1581 1013 1616 meritis
1039 1580 1214 1615 maximas
1232 1580 1364 1625 gratias
1379 1589 1479 1613 nunc

78 1631 102 1643 ’θ’
138 1634 142 1661 ἶ
185 1657 251 1693 ago
278 1658 490 1694 semperque
516 1648 663 1683 habebo.
