1721 2783
808 81 852 111 14

171 192 213 246 μ’
243 194 290 229 ἔτι
320 192 536 240 κατοικήσειν
561 191 665 228 πέδον
692 191 845 241 Σπάρτης
871 193 927 233 ξὺν
953 192 1048 241 ἀνδρί
1072 195 1143 230 κτλ.
1178 195 1306 229 Deinde
1323 185 1480 237 Helenae,

177 258 352 299 postquam
379 255 527 287 fortunas
553 256 719 287 enarratas
751 254 902 287 versibus
936 256 1006 288 285
1026 264 1074 297 sq.
1107 255 1280 296 conclusit,
1318 255 1480 288 fortunam

175 314 328 347 eiusdem
353 313 444 346 modi
469 313 605 355 insuper
631 313 780 345 ultimam
804 312 925 346 addere
950 323 1016 345 non
1041 313 1128 346 licet.

275 373 391 406 Restat
428 375 465 405 ut
504 372 545 404 de
571 371 666 405 exitu
704 362 858 404 orationis
889 372 1058 405 disseram.
1110 372 1244 406 Etenim
1283 383 1480 417 quamquam
1546 410 1548 423 Ἴ,
1578 408 1579 411 ,

173 432 217 464 ad
242 441 360 464 versus
388 433 580 474 299-5302
621 431 661 462 ab
686 430 870 472 Hartungio
882 430 909 473 1)
934 431 1007 463 iure
1033 431 1154 473 optimo
1192 431 1319 464 deletos
1353 432 1482 465 Usener
1597 479 1610 490 ὦ

182 491 280 533 (mus.
307 490 369 522 Rh.
395 477 510 522 XXHI
539 490 632 522 1868
659 499 689 531 p.
720 491 788 522 164
816 488 877 531 sq.)
902 499 1037 522 versum
1065 491 1134 523 298
1161 492 1250 522 recte
1275 489 1400 523 addidit
1424 490 1481 523 de-

180 549 328 590 lendum,
354 559 470 581 vereor
494 558 537 580 ne
562 548 774 580 inveniantur
799 548 856 590 qui
881 559 911 580 V.
940 550 1010 582 298
1037 548 1222 581 defendant.
1274 547 1421 589 Quorum
1446 549 1481 581 in

176 617 316 639 numero
356 606 573 639 Schenkelius
625 609 684 638 est.
736 605 800 645 Qui
830 606 851 637 l.
884 606 906 638 1.
934 617 963 648 p.
991 608 1063 639 444
1106 607 1268 639 moriendi
1306 607 1481 639 consilium

177 663 308 708 (θανεῖν
334 662 533 709 κράτιστον),
566 673 665 706 quem
690 663 732 696 ad
756 664 858 696 finem
883 666 948 697 tota
975 664 1075 697 oratio
1101 667 1246 707 spectet,
1272 664 1481 698 retinendum

174 735 251 757 esse
276 724 458 757 arbitratur.
508 722 617 755 Falso:
643 723 678 755 id
702 723 809 765 ipsum
836 723 998 756 moriendi
1023 724 1197 756 consilium
1221 724 1299 757 111110
1323 724 1394 757 1000
1418 724 1481 756 1111-

176 783 267 815 nime
293 785 405 824 aptum
431 791 505 814 esse
531 782 749 814 demonstrari
765 785 880 824 potest.
931 783 976 814 Hi
1000 792 1117 815 versus
1143 782 1366 825 (298—302)
1392 782 1474 817 falso

178 844 338 885 occupant
362 851 435 874 rem
459 840 611 874 versibus
638 842 807 875 348—59
835 842 1040 885 propositam.
1090 841 1240 885 Namque
1266 841 1393 875 Helena
1416 851 1472 886 po-

177 900 317 937 steriore
343 902 413 933 loeo
450 901 479 933 si
517 911 561 933 ex
593 901 745 933 Theonoa
782 904 856 934 vate
883 902 1071 934 Menelaum
1108 902 1246 944 periisse
1279 902 1476 943 cognoverit,

178 969 297 992 manus
325 959 387 991 sibi
411 959 584 991 allaturam
610 968 684 991 esse
709 961 799 991 reete
824 959 920 1002 iurat,
944 959 1052 1001 priore
1072 962 1183 992 tamen
1208 960 1280 992 1000
1306 962 1479 1003 ,mortuum

177 1029 253 1051 esse
279 1018 468 1050 Menelaum
493 1017 638 1049 nondum
664 1020 752 1049 certo
778 1018 954 1059 comperit,
993 1018 1087 1050 timet
1112 1021 1249 1061 tantum,
1288 1019 1480 1061 suspicatur,

175 1077 291 1109 credit‘
323 1076 435 1119 (verba
461 1079 538 1108 sunt
563 1075 724 1117 Useneri).
774 1075 903 1108 Deinde
929 1076 1047 1108 chorus
1086 1076 1127 1109 de
1153 1077 1314 1109 moriendi
1345 1076 1480 1109 consilio

177 1134 361 1177 quidquam
400 1144 436 1166 se
474 1133 641 1165 audivisse
667 1133 774 1176 priore
807 1134 877 1166 1000
915 1144 957 1166 110
983 1134 1101 1167 ]eviter
1137 1134 1271 1176 quidem
1307 1134 1477 1176 significat.

183 1194 233 1226 De
260 1204 324 1236 quo
356 1193 569 1235 exsequendo
608 1203 706 1234 quam
743 1193 883 1226 absurde
909 1193 1105 1235 cogitantem
1142 1194 1233 1226 illam
1271 1194 1480 1236 interpolator

179 1253 311 1295 fecerit,
352 1252 556 1293 Hartungius
595 1251 737 1284 dilucide
776 1252 918 1293 exponit.
970 1253 1013 1284 At
1037 1252 1130 1293 libri,
1173 1253 1349 1294 quominus
1380 1253 1481 1285 etiam

179 1322 313 1344 versum
341 1313 410 1344 298
437 1311 616 1353 deleamus,
641 1310 795 1343 videntur
811 1311 981 1354 impedire,
1004 1312 1161 1353 praebent
1185 1311 1276 1344 enim
1301 1307 1340 1344 οὗ
1357 1309 1480 1353 καλῶς,

178 1381 246 1403 non
271 1366 330 1403 οὖν
355 1368 485 1409 καλῶς,
525 1379 625 1411 quare
656 1370 756 1402 verba
788 1374 860 1410 πῶς
886 1362 1021 1416 θάνοιμ’
1049 1367 1090 1403 ἂν
1129 1366 1167 1403 οἵ)
1204 1369 1332 1413 καλῶς
1377 1380 1482 1413 paene

178 1430 269 1462 idem
294 1433 391 1470 atque
418 1426 536 1461 θανεῖν
561 1428 737 1471 κράτιστον
770 1428 987 1469 significantia
1016 1430 1058 1460 ad
1082 1439 1216 1461 versum
1243 1432 1311 1462 303
1346 1426 1393 1469 εἷς
1417 1429 1480 1474 γὰρ

177 1490 336 1520 τοσοῦτον
366 1484 519 1531 ἤλθομεν
552 1484 662 1529 βάθος
700 1490 816 1519 κακῶν
854 1487 1027 1519 transitum
1058 1487 1164 1520 facere
1195 1487 1379 1531 arbitreris,
1420 1488 1481 1520 hoe

177 1549 288 1579 autem
314 1556 414 1578 versu
434 1545 532 1587 (303)
558 1556 617 1577 cur
641 1544 757 1579 θανεῖν
782 1543 959 1589 κράτιστον
986 1546 1028 1578 sit
1053 1547 1247 1579 confirmari.
1285 1547 1351 1579 Sed
1376 1550 1413 1579 ut
1437 1547 1480 1579 de

177 1615 214 1638 re
240 1605 439 1647 gravissima
474 1613 573 1646 supra
600 1604 722 1636 monita
749 1623 795 1626 —
822 1604 984 1636 moriendi
1016 1605 1087 1637 dico
1119 1605 1294 1637 consilium
1332 1605 1368 1637 in
1392 1606 1480 1638 1111110

178 1663 287 1696 10011111
314 1674 380 1695 11011
406 1663 564 1705 quadrare
593 1682 638 1685 —
666 1665 848 1702 taceamus,
874 1663 951 1695 libri
976 1673 1042 1695 non
1067 1664 1162 1695 modo
1188 1659 1226 1696 οἳ)
1252 1662 1380 1706 καλῶς,
1419 1664 1477 1696 sed

178 1722 281 1754 etiam
307 1716 502 1766 πρσθάνοιμῖ
531 1718 589 1759 ἄν,
633 1730 699 1753 11011
732 1724 804 1758 πῶς
829 1716 962 1788 dipem?
990 1718 1031 1754 ἄν
1058 1721 1229 1762 exhibent,
1273 1722 1352 1754 satis
1378 1722 1480 1763 igitur

176 1783 351 1823 corruptus
390 1791 419 1812 v.
449 1782 518 1814 298
546 1782 612 1820 est,
652 1789 730 1821 ergo
756 1780 840 1812 illud
866 1790 904 1813 ou
943 1780 1036 1813 libris
1068 1780 1224 1813 traditum
1261 1791 1327 1813 non
1352 1782 1479 1813 tantum

177 1840 281 1883 valet,
319 1843 356 1872 ut
381 1840 422 1871 de
448 1840 510 1871 1100
534 1849 633 1871 versu
659 1839 807 1871 dubitare
846 1849 912 1871 non
937 1839 1050 1872 liceat:
1095 1840 1143 1872 sic
1175 1840 1280 1883 enim,
1321 1842 1359 1872 ut
1383 1840 1479 1882 paulo

175 1901 253 1931 ante
279 1898 425 1940 exposui,
451 1907 585 1930 versum
613 1900 682 1931 298
711 1900 878 1931 servantes
903 1898 964 1930 hac
989 1898 1177 1931 afficiuntur
1203 1898 1404 1941 difficultate,
1442 1901 1479 1931 ut

176 1968 243 2000 qua
268 1967 343 1989 011111
369 1967 406 1990 re
431 1967 548 1990 versus
576 1959 647 1990 304
675 1967 723 1999 sq.
761 1957 960 1998 coniungant
992 1960 1048 1989 aut
1087 1958 1247 2000 quomodo
1285 1957 1478 1999 intellegant

176 2026 243 2048 non
268 2016 418 2056 habeant,
445 2025 547 2058 quare
574 2015 791 2048 Schenkeh'us
815 2026 846 2058 p.
873 2017 945 2048 444
971 2016 1031 2048 hos
1056 2026 1172 2048 versus
1198 2016 1376 2058 proscribit
1413 2015 1477 2048 Sed

175 2075 291 2116 plures
316 2074 406 2106 viros
432 2075 562 2106 criticos
587 2074 735 2107 Usenero
753 2077 786 2106 et
802 2074 884 2106 mihi
901 2084 977 2107 esse
1003 2084 1196 2107 assensuros
1221 2075 1303 2106 mihi
1319 2075 1476 2117 persuasi.

174 2132 308 2165 Etenim
333 2142 450 2165 versus
478 2134 621 2165 294--7
650 2135 683 2164 et
710 2134 853 2166 303-5
895 2142 1009 2164 secum
1032 2136 1103 2165 erte
1130 2133 1376 2174 conjungendos
1401 2141 1476 2165 esse

258 2268 281 2297 ¹)
302 2267 448 2305 Hartung.
476 2267 508 2296 in
534 2267 599 2304 Iph.
626 2266 694 2296 Aul.
726 2276 755 2304 p.
781 2267 821 2297 43
842 2275 901 2305 sq.‚
923 2267 960 2297 cf.
993 2268 1083 2297 etiam
1113 2267 1180 2298 Hel.
1208 2268 1244 2298 ab
1274 2268 1379 2298 eodem
1404 2267 1475 2297 edit.

175 2325 204 2354 p.
227 2315 295 2355 203.
