1721 2783
820 80 866 113 36

186 202 306 243 μῆκος,
344 194 386 243 ἧς
425 206 507 242 φασι
540 195 736 242 μεμνῆσθαι
767 196 826 230 τὸν
852 196 991 242 ποιητὴν
1016 194 1053 230 ἐν
1079 192 1128 235 οἷς
1151 191 1369 241 Ἀλέξανδρος
1406 190 1512 239 λέγειζ

186 256 272 300 πρὸς
297 256 357 300 τὴν
380 251 524 300 Ἑλένην
551 253 635 293 ,,οὒδ
672 253 728 288 ὅτε
756 265 794 288 σε
821 259 955 299 πρῶτον
980 253 1236 301 Λακεδαίμονος
1261 254 1297 293 ἐξ
1322 253 1506 303 ἐρατεινῆς.
1533 267 1546 302 >j
1605 285 1619 305 ἵ(

190 313 335 358 [ἔπλεον]
363 310 517 358 ἁρπάξας
542 311 578 347 ἐν
604 314 844 357 ποντοπόροισι
868 310 990 352 νέεσσι,
1015 311 1109 359 νήσῳ
1136 311 1166 346 δ’
1191 310 1227 346 ἐν
1250 310 1393 358 Κρανάῃ
1421 310 1495 358 ἐμί-
1550 315 1552 319 ’

186 384 248 419 γην
285 372 439 418 φιλότητι
478 372 538 405 καὶ
580 369 694 417 εὒνῄ“.
745 369 867 418 ταύτην
905 372 968 416 γὰρ
1006 370 1095 414 λέγει
1132 368 1296 419 Κρανάην
1337 372 1399 418 τὴν
1438 374 1497 406 νῦν
1543 367 1555 408 ’,
1573 372 1634 411 „vz5

197 429 327 477 Ελένην
366 429 434 464 ἀπὸ
474 434 531 463 τοῦ
567 429 639 464 ἐκεῖ
674 428 832 472 γενέσθαι
866 432 926 476 τὴν
952 430 1048 477 μῖξιν.
1082 430 1167 476 μετὰ
1193 430 1231 464 δὲ
1256 431 1318 476 τὴν
1350 427 1497 477 Ἑλένην

188 487 210 535 ἡ
237 487 368 534 Εὔβοια
392 491 570 534 πρόκειται
596 493 655 535 τῆς
681 486 758 535 ἑξῆς
790 487 973 533 παραλίας,
1003 486 1129 535 ὁμοίως
1161 489 1260 534 στενὴ
1291 488 1351 522 καὶ
1382 489 1498 534 μακρὰ

186 548 247 582 καὶ
272 548 358 582 κατὰ
385 552 495 594 μῆκος
521 548 560 593 τῇ
587 545 717 593 ἠπείρῳ
743 546 1028 593 παραβεβλημένη
1054 546 1215 592 καθάπερ
1246 544 1422 593 ἡἙλὲνη.
1449 565 1497 573 -

189 608 390 649 Pomponius
415 607 502 639 Mela
528 607 570 639 de
596 607 743 647 chorogr.
771 607 821 639 ed.
847 607 992 647 Parthey
1020 608 1114 640 1867
1140 606 1183 648 Π,
1212 608 1279 641 109
1307 605 1350 649 (p.
1377 605 1436 648 57)
1462 605 1499 637 in
1563 600 1652 639 *⁷ss

54 671 58 676 ’
116 702 123 705 Δ
188 666 324 699 Atthide
349 665 478 698 Helene
503 667 556 698 est
581 668 657 697 nota
683 667 795 707 stupro
820 664 977 706 Helenae,
1003 667 1037 698 et
1063 664 1203 698 Salamis
1228 664 1356 697 excidio
1381 664 1498 697 classis

189 725 338 768 persicae
371 724 485 756 notior.
516 743 562 746 —
589 723 770 756 Pausaniae
802 723 981 765 descriptio
1007 723 1163 756 Graeciae
1197 723 1247 756 ed.
1279 722 1441 756 Schubart
1465 724 1499 755 et

190 783 282 815 Walz
313 784 417 815 1838.
448 785 477 821 1,
506 784 563 822 35,
593 785 625 815 1.
651 778 765 827 Νῆσοι
797 780 836 814 δὲ
864 778 1058 826 Ἀθηναίοις
1090 779 1129 814 οὗ
1155 777 1272 825 πόῤῥω
1298 785 1359 827 τῆς
1382 781 1499 825 χώρας

191 838 289 875 εἰσίν·
327 838 349 886 ἡ
378 841 439 886 μὲν
465 837 670 883 Πατρόκλου
695 838 902 885 καλουμένη·
940 840 982 873 τὰ
1008 838 1046 872 δὲ
1073 838 1109 878 ἐς
1134 837 1238 885 αὒτὴν
1263 837 1332 885 ἤδη
1358 849 1415 884 μοι
1439 837 1497 872 δε-

190 898 356 944 δήλωται·
397 896 485 943 ἄλλη
517 897 555 931 δὲ
590 894 675 941 ὑπὲρ
703 895 840 931 Σουνίου
866 899 927 943 τὴν
948 894 1101 943 Ἀττικὴν
1127 896 1163 931 ἐν
1189 896 1348 942 ἀριστερᾷ
1372 893 1497 930 πλέου-

190 967 258 990 σιν·
295 956 330 997 ἐς
361 956 485 1001 ταύτην
518 953 684 1002 ἀποβῆναι
715 953 870 997 λέγουσιν
897 952 1042 1001 Ἑλένην
1077 956 1163 1001 μετὰ
1193 955 1253 1000 τὴν
1284 952 1408 988 ἅλωσιν
1439 955 1499 999 τὴν

206 1013 306 1054 Ιλίου,
332 1014 391 1048 καὶ
417 1013 473 1047 διὰ
498 1018 599 1047 τοῦτο
627 1011 734 1060 ὄνομά
759 1012 848 1047 ἐστιν
870 1010 994 1059 Ἑλένη
1020 1014 1059 1059 τῇ
1088 1012 1189 1058 νήσῳ.
1218 1032 1265 1037 -
1282 1014 1373 1046 idem
1391 1015 1424 1056 8,
1444 1015 1501 1055 14,

195 1077 238 1107 12
267 1071 330 1107 οὒκ
356 1071 397 1106 ἂν
424 1070 482 1106 οὖν
508 1074 546 1105 τό
573 1082 610 1113 γε
638 1070 786 1113 πέλαγος
811 1072 849 1105 τὸ
867 1070 1033 1116 Μυρτῶον
1060 1070 1128 1105 ἀπὸ
1146 1068 1317 1116 Μυρτίλου
1343 1074 1400 1105 τοῦ
1415 1067 1499 1115 Ἑρ-

190 1136 258 1179 μοῦ
285 1130 434 1179 φαίνοιτο
461 1128 671 1177 κεκλημένον
698 1129 887 1177 ἀρχόμενόν
912 1141 949 1165 τε
975 1129 1043 1165 ἀπὸ
1061 1127 1208 1175 Εὖβοίας
1232 1130 1292 1163 καὶ
1303 1126 1501 1174 παρ’Ἑλὲ-

193 1202 252 1238 νην
279 1189 405 1237 ἔρημον
432 1195 535 1237 νῆσον
561 1188 721 1236 καθῆκον
746 1189 783 1229 ἐς
807 1190 846 1224 τὸ
873 1187 1017 1232 Αἰγαῖον.
1045 1209 1092 1214 —-
1119 1190 1305 1232 Stephanus
1322 1189 1502 1231 Byzantius

192 1252 280 1293 apud
305 1252 346 1283 H.
374 1251 579 1292 Stephanum
606 1260 631 1281 s.
657 1261 688 1281 v.
711 1246 798 1288 Ἑλ.,
824 1254 927 1296 νῆσος
952 1254 1013 1296 τῆς
1034 1246 1191 1295 Ἀττικῆς.
1231 1245 1412 1286 Ἑκαταῖος
1429 1244 1501 1281 Eb-

190 1310 300 1353 ρώπῃ.
350 1304 450 1341 Ἐκεῖ
482 1307 546 1349 γὰρ
580 1305 747 1353 ἄποβῆναί
781 1318 862 1354 φασι
892 1308 952 1353 τὴν
985 1304 1130 1352 Ἑλένην
1163 1307 1248 1352 μετὰ
1283 1307 1344 1351 τὴν
1376 1304 1502 1339 ἅλωσιν

204 1365 307 1400 Ιλίου·
341 1363 495 1399 ἐκαλεῖτο
523 1364 560 1399 δὲ
588 1363 721 1409 Μακρὶς
747 1364 804 1399 διὰ
829 1366 868 1400 τὸ
893 1370 1009 1412 μῆκος.
1038 1384 1084 1389 -
1110 1365 1302 1398 Eustathius
1334 1365 1377 1397 ad
1408 1364 1502 1397 Iliad.

193 1422 232 1468 Γ,
258 1427 341 1457 445.
388 1420 483 1468 ’Όρα
508 1422 546 1456 δὲ
571 1423 631 1456 καὶ
657 1421 705 1456 ὅτι
742 1424 830 1457 κατὰ
865 1425 926 1469 τήν
961 1421 1149 1469 Ὁμηρικὴν
1185 1421 1329 1467 ἱστορίαν
1367 1421 1432 1456 οὒκ
1466 1420 1503 1456 ὲν

193 1480 331 1528 Σπάρτῃ
358 1479 420 1528 τήν
447 1479 560 1528 ἀρχὴν
587 1479 683 1527 ἐμίγη
706 1477 924 1526 Ἀλέξανδρος
949 1481 988 1527 τῇ
1011 1477 1152 1527 Ἑλένῃ,
1184 1477 1341 1514 σπεύδων
1373 1478 1429 1514 ἵνα
1455 1479 1501 1526 μὴ

193 1538 392 1585 καταφανής
417 1538 565 1586 γένηται,
601 1537 681 1573 ἀλλ’
711 1539 748 1574 ἐν
773 1538 918 1586 Κραναῇ
945 1542 1046 1586 νήσῳ.
1089 1538 1217 1586 ἄδηλον
1243 1538 1282 1573 δέ
1308 1550 1409 1584 φασιν
1435 1537 1501 1573 εἴτε

193 1596 307 1643 κύριον
332 1603 391 1645 τῆς
416 1596 522 1644 νήσου
548 1598 587 1631 τὸ
615 1596 722 1641 ὄνομα
747 1586 802 1631 διὰ
828 1599 864 1631 τὸ
890 1597 1082 1644 κρανθῆναι
1108 1596 1182 1643 ἤτοι
1207 1597 1428 1643 τελειωθῆναι
1447 1596 1502 1631 ἐπ’

195 1656 300 1703 αὒτῆς
326 1658 384 1690 τὸν
414 1656 532 1702 γάμον,
558 1655 625 1690 εἴτε
652 1661 796 1702 τραχεῖα
821 1656 1021 1699 ἐπιθετικῶς
1046 1655 1183 1703 εἴρηται.
1209 1657 1296 1698 τινὲς
1320 1659 1436 1691 νοοῦσι
1461 1656 1504 1691 τὰ

194 1712 357 1761 Κύθηρα,
384 1719 484 1761 νῆσον
512 1712 709 1760 Ἀφροδίτης
735 1712 836 1759 ἱεράν,
863 1713 895 1748 οἱ
919 1714 958 1748 δὲ
984 1714 1045 1761 τὴν
1071 1715 1252 1761 λεγομένην
1276 1720 1378 1761 νῆσον
1399 1711 1502 1748 Ἑλέ-

197 1785 267 1820 νην,
292 1774 378 1818 πρὸς
404 1773 443 1819 τῇ
473 1770 602 1819 Ἀττικῇ
632 1770 746 1813 οὖσαν,
773 1771 938 1816 ἐγγυτάτω
964 1778 1023 1820 τῆς
1048 1770 1131 1807 Κέω
1156 1773 1245 1807 κατὰ
1269 1773 1327 1807 τὸν
1352 1774 1502 1817 γεωγρα-

194 1844 271 1877 φον,
298 1831 367 1865 ἀπὸ
394 1837 453 1878 τῆς
474 1828 616 1878 Ἑλένης
643 1829 831 1877 ὁμωνύμως
855 1831 1040 1878 κληθεῖσαν
1055 1833 1093 1876 1),
1118 1831 1200 1867 διότι
1225 1832 1346 1878 ταύτης
1369 1836 1504 1876 πρῶτον

191 1889 302 1936 ἐπέβη
329 1888 386 1924 ὅτε
413 1888 561 1936 ἡρπάγη.
615 1889 684 1924 ἔστι
723 1890 762 1924 δὲ
799 1889 989 1937 περιμήκης
1027 1888 1107 1925 ὅσον
1139 1888 1305 1937 ἑξήκοντα
1337 1889 1501 1932 σταδίους.

195 1950 344 1982 Tandem
369 1950 411 1981 ad
437 1959 509 1981 rem
534 1949 641 1991 ipsam
666 1949 748 1981 milli
773 1949 972 1992 propositam
997 1951 1159 1992 pervenio.
1194 1951 1321 1983 Vereor
1337 1950 1436 1990 enim,
1460 1960 1503 1983 ne

193 2019 314 2042 versus
344 2010 531 2049 1670-5,
558 2016 757 2051 quamquam
783 2008 863 2041 satis
888 2008 1053 2042 emendati
1078 2008 1229 2051 intellegi
1253 2010 1407 2052 possunt,
1431 2008 1505 2041 uni-

195 2067 286 2100 versi
311 2070 422 2099 tamen
448 2067 543 2108 digni
568 2067 635 2099 sint
660 2067 767 2099 litura.
810 2066 896 2099 Nam
921 2067 1049 2100 Helena
1074 2067 1183 2100 insula
1208 2067 1338 2110 copiose
1363 2077 1505 2100 comme-

194 2129 320 2159 morata
345 2136 364 2158 a
390 2128 457 2158 toto
482 2126 545 2158 hoc
570 2125 641 2158 loco
668 2125 828 2158 abhorret.
872 2125 1098 2159 Vehementer
1122 2126 1233 2169 miror,
1258 2126 1345 2168 quod
1371 2126 1505 2159 celerri-

197 2195 273 2218 mus
298 2186 436 2218 deorum
463 2183 643 2229 διάκτορος
675 2186 711 2217 in
736 2186 797 2218 hac
821 2185 947 2225 insula,
983 2185 1108 2219 Atticae
1141 2185 1282 2226 obiecta,
1314 2185 1505 2228 Aegyptum

279 2261 304 2297 ¹)
324 2260 460 2298 Utroque
493 2260 631 2297 exemplo
662 2262 693 2289 et
723 2260 857 2290 Romano
889 2263 919 2290 et
945 2260 1027 2298 Lips.
1050 2261 1186 2298 inspecto
1219 2262 1337 2291 textum
1367 2260 1505 2290 exhibui.

192 2308 386 2348 Quamquam
407 2310 570 2348 utrumque
591 2309 746 2349 κληθῆσαν
765 2309 894 2348 praebet
916 2311 1075 2347 κληθεῖσαν
1095 2309 1202 2340 scribo.
