1721 2783
214 167 337 231 >„aut-em
360 161 432 220 loeo
457 189 576 229 quanta
600 186 784 223 temeritate
808 186 841 220 ei
859 186 969 219 affecti
988 186 1057 220 sint
1069 187 1223 230 cognosci
1235 189 1356 230 potest,
1383 188 1440 230 qui
1455 188 1526 220 lan-

225 243 422 288 guidissiina
447 255 595 288 quaeque
619 248 654 279 et
668 245 812 288 pessima
835 245 923 288 apud
946 245 1139 288 Euripidem
1163 256 1268 289 aequo
1284 246 1394 279 animo
1410 240 1531 279 ferant.>

227 303 313 338 Nam
337 303 511 337 haesitanti
535 307 634 348 atque
659 304 842 338 accuratius
866 304 1048 347 inquirenti
1072 305 1198 338 medias
1223 315 1283 348 per
1306 305 1526 348 interpolatio-

221 371 290 395 nes
313 364 431 395 vei-um
455 366 570 405 poetae
594 363 769 396 consilium
806 372 843 395 se
868 361 1020 395 ostendet
1043 365 1143 405 atque
1169 366 1327 405 quantum
1351 364 1526 406 Euripidea

227 423 263 454 et
286 421 481 468 interpolata
517 422 605 454 inter
631 431 668 454 se
692 421 844 455 differant
868 421 1079 455 manifestum
1106 422 1178 454 erit.
1205 440 1251 446 —
1277 422 1392 455 Restat
1416 425 1527 455 tamen

226 479 264 513 in
287 489 387 514 versu
412 475 483 514 909
510 479 597 522 quod
621 479 737 512 tollere
761 489 827 512 non
850 488 1025 522 possumus
1049 479 1176 523 vitium,
1202 480 1260 513 sed
1285 490 1351 513 non
1367 480 1411 521 id,
1437 481 1527 513 unde

226 538 327 572 totius
363 538 426 572 loci
463 539 626 572 sententia
663 538 901 571 detrimentum
938 539 1051 581 oepiat.
1103 535 1291 583 Μακαρίως
1328 542 1362 572 et
1393 536 1525 579 ἀθλίως

229 596 385 632 adverbia
409 597 473 632 sibi
497 599 716 641 opponuntur,
740 594 816 643 ἐμοί
840 597 894 630 0111
910 600 1089 640 opponatur
1101 607 1167 630 non
1179 598 1286 639 habet,
1312 598 1332 631 i.
1346 608 1375 631 e.
1388 599 1443 631 cui
1453 601 1525 631 tau-

159 657 174 661 “’
187 687 195 695 ,
226 656 306 689 dem
329 656 414 690 bono
437 656 521 690 illud
538 654 646 690 ἔδωκε
663 656 763 690 fuerit
778 657 911 690 omnino
926 657 1081 690 nescitur.
1107 656 1197 690 Num
1213 658 1372 690 Badhami
1388 658 1528 701 καιρίως

228 714 414 756 satisfaciat,
438 708 559 749 dubito.
586 714 801 748 Schenkelius
825 725 904 748 vero
928 726 958 759 p.
985 717 1057 750 451
1084 726 1161 749 cum
1184 716 1273 749 hunc
1297 726 1431 749 versum
1455 726 1527 759 pro-

233 774 358 815 scribit,
381 774 470 808 ferro
497 774 618 807 scindit
641 775 763 807 nodum
787 784 854 808 non
879 774 984 808 solvit,
1003 794 1050 799 —
1067 774 1176 808 Etiam
1201 786 1230 808 v,
1250 778 1321 809 914
1346 776 1387 807 ab
1412 775 1528 808 eodem

227 843 259 875 p.
286 835 356 867 451
394 833 566 865 damnatur
603 836 640 865 ut
677 843 945 875 supervacaneus.
994 834 1160 876 Equidem
1196 834 1420 867 necessarium
1451 843 1527 866 eum

228 894 316 934 puto.
368 891 560 924 Continetur
584 891 675 923 enim
698 891 852 924 versibus
870 879 1038 926 909—'11
1065 900 1178 925 rerum
1202 892 1346 934 ipsarum
1372 892 1531 934 condicio,

228 949 318 982 unde
357 950 436 992 quid
472 949 645 991 colligatur
679 950 830 982 versibus
857 952 1000 984 915—7
1040 950 1111 984 init.
1138 950 1320 992 exponitur.
1372 950 1437 983 Sed
1468 950 1529 982 hac

228 1008 395 1041 voluntate
413 1007 598 1042 Theonoam
623 1008 818 1041 commoveri
842 1011 900 1041 aut
914 1018 1052 1042 necesse
1077 1017 1152 1041 esse
1169 1008 1367 1041 commoveri
1383 1008 1529 1041 nondum

228 1067 388 1109 legimus:
408 1068 455 1100 'de
480 1068 541 1101 1100
565 1069 637 1110 ipso
662 1068 806 1103 officio
830 1078 930 1101 versu
949 1071 1019 1102 914
1044 1071 1196 1101 monetur
1220 1078 1282 1113 per
1297 1069 1528 1111 imperativum

229 1123 360 1158 σκόπει.
386 1125 514 1158 Versus
538 1129 650 1159 autem
677 1127 775 1159 917b
802 1128 822 1160 8
850 1126 930 1169 quid
955 1136 998 1159 ex
1013 1127 1164 1159 versibus
1190 1126 1412 1169 superioribus
1437 1127 1529 1159 colli-

228 1187 325 1227 gatur
348 1184 503 1218 indicant.

328 1243 472 1276 Menelai
497 1244 598 1276 oratio
622 1244 745 1286 pariter
775 1247 873 1286 atque
897 1244 1063 1287 Helenae,
1095 1244 1138 1276 de
1168 1244 1274 1276 officio
1300 1244 1472 1277 Theonoae
1498 1248 1531 1276 et

230 1304 318 1335 sorte
334 1301 480 1336 Helenae
505 1312 618 1345 agens,
643 1303 793 1346 bipertita
810 1305 870 1335 est.
921 1302 985 1344 Qui
1000 1302 1145 1346 primum
1168 1302 1250 1336 item
1273 1303 1416 1336 officium
1438 1303 1530 1336 illius

231 1360 292 1393 sed
316 1361 437 1394 maiore
462 1371 541 1394 cum
556 1362 590 1394 vi
615 1364 649 1395 et
673 1362 780 1395 calore
804 1362 954 1404 proponit
978 1362 1188 1404 excurritque
1213 1362 1255 1394 ad
1267 1362 1451 1406 Plutonem,
1476 1362 1531 1394 cui

230 1422 278 1452 tot
302 1419 455 1452 caedibus
496 1430 555 1463 pro
580 1420 800 1463 recuperanda
835 1420 963 1453 Helena
1000 1420 1194 1463 perpetratis
1232 1420 1430 1453 satisfecisse
1469 1420 1532 1452 sibi

230 1479 389 1520 videatur,
414 1479 533 1512 deinde
558 1480 659 1521 illam,
687 1480 716 1512 si
732 1480 867 1512 fratrem
883 1479 1038 1512 adiuvare
1055 1479 1206 1522 voluerit,
1230 1479 1315 1511 nihil
1341 1480 1531 1512 effecturam

230 1547 307 1572 esse
332 1538 541 1571 demonstrat.
592 1538 708 1581 Neque
733 1538 811 1571 huic
835 1538 973 1571 orationi
997 1537 1265 1580 interpolationes
1300 1538 1379 1570 satis
1403 1538 1530 1580 amplae

229 1598 360 1631 desunt.
410 1597 656 1631 Herwerdenus
693 1608 724 1640 p.
752 1599 822 1631 208
848 1606 965 1630 versus
991 1598 1136 1631 954—8
1176 1596 1299 1630 delevit
1336 1596 1453 1630 liturae
1479 1607 1532 1629 ra-

232 1657 338 1689 tiones
363 1659 400 1688 ut
425 1656 509 1689 solet
533 1667 600 1688 non
624 1656 801 1698 professus.
853 1655 943 1695 Quae
968 1666 1045 1688 cum
1069 1656 1132 1688 hoc
1156 1656 1227 1688 loco
1252 1656 1384 1698 penitus
1410 1656 1533 1688 lateant

230 1724 338 1757 neque
363 1714 459 1748 facile
476 1714 726 1758 conspiciantur,
750 1714 821 1757 ipse
838 1724 897 1746 0111·
913 1713 1042 1746 deleam
1058 1713 1246 1756 explanabo,
1290 1714 1434 1746 Versum
1461 1716 1530 1748 957

230 1773 399 1808 Nauckius
425 1774 545 1817 optimo
570 1774 644 1807 iure
670 1773 887 1807 damnaverat.
937 1772 1023 1806 Nam
1054 1783 1098 1806 ex
1122 1773 1208 1806 Med.
1235 1775 1306 1807 446
1333 1774 1430 1806 fluxit
1454 1784 1533 1816 pau-

230 1832 337 1865 lulum
361 1835 516 1874 mutatus,
541 1833 615 1865 Hel.
641 1833 721 1873 loco,
748 1832 777 1865 si
802 1832 1009 1865 enuntiatum
1033 1831 1255 1864 condicionale
1272 1832 1441 1874 respicias,
1467 1842 1533 1864 11011

230 1891 325 1924 1110ᾱο
341 1891 470 1924 inutilis
487 1892 546 1925 sed
562 1892 661 1925 etiam
678 1891 839 1924 absurdus
856 1893 917 1923 est.
954 1890 1083 1923 Versus
1110 1892 1254 1924 954—8
1281 1891 1380 1923 verba
1406 1893 1533 1923 tantum

230 1951 326 1984 modo
350 1961 458 1993 neque
485 1951 665 1993 quidquam
689 1951 853 1993 praebent,
880 1949 968 1992 quod
993 1950 1086 1982 illam
1103 1952 1239 1982 moveat.
1264 1950 1370 1981 Α11111
1396 1946 1532 1992 ὀρθῶς

233 2019 278 2043 se.
305 2006 490 2053 ἀπολαβεῖν
517 2009 678 2055 ζητοῦντα
693 2006 754 2054 τὴν
772 2007 928 2054 δάμαρτα
951 2008 1093 2051 positum
1110 2011 1162 2041 est
1185 2010 1437 2050 argumentum?
1464 2008 1529 2041 Sed

230 2069 298 2102 tale
322 2069 415 2102 illam
439 2069 550 2102 hercle
575 2079 642 2102 non
666 2071 784 2103 movet.
833 2068 919 2101 Nam
944 2068 1036 2101 fiatri
1060 2067 1169 2111 potius
1194 2078 1293 2111 quam
1319 2068 1389 2100 viro
1413 2068 1530 2100 alieni-

232 2136 336 2169 genae
362 2128 509 2160 consulat
533 2137 669 2160 necesse
695 2130 754 2159 est.
805 2127 932 2159 Deinde
968 2127 1055 2169 quod
1079 2126 1164 2159 illud
1188 2130 1419 2168 argumentum
1443 2127 1529 2159 intra

232 2188 428 2219 structuram
451 2186 551 2219 totius
576 2186 641 2218 loci
666 2186 862 2218 occultatum
893 2189 945 2218 est
968 2186 1125 2227 vitupero.
1176 2186 1286 2227 Atque
1321 2196 1380 2218 cur
1405 2189 1530 2218 temere

231 2246 264 2278 ei
288 2244 460 2278 maledicat
486 2244 596 2287 (958),
622 2254 688 2276 non
713 2243 877 2286 intellego.
913 2243 992 2276 Tota
1016 2253 1094 2276 vero
1119 2244 1275 2286 precandi
1299 2244 1381 2277 ratio
1407 2241 1436 2277 εἰ
1463 2244 1523 2289 μὲν

231 2303 383 2339 δοκεῖ-
399 2302 541 2345 ἀπόδος·
568 2300 597 2337 εἰ
623 2302 660 2337 δὲ
686 2300 734 2349 μὴ
761 2301 912 2344 δφκεῖ-
926 2300 1046 2345 ἄθλιος
1072 2300 1112 2338 ἂν
1139 2302 1210 2350 εἴην
1235 2304 1392 2336 dissoluta
1417 2303 1526 2337 ieiuna
