1721 2783
812 59 981 116 1⁷''''

188 198 229 234 cf.
254 199 353 232 etiam
377 198 448 242 Iph.
475 198 549 231 Aul.
578 200 648 233 836

478 255 506 291 ὦ
531 255 619 298 θεᾶς
642 261 706 291 παῖ
727 255 865 297 ποντίας
890 255 1070 304 Νηρηίδος.

288 316 353 356 Qui
377 316 477 349 verba
501 313 663 361 Νηρῇδος
700 315 835 358 ἔκγονος
859 315 946 361 κόρη
985 327 1030 349 ex
1052 317 1155 349 altero
1179 317 1324 349 Helenae
1352 317 1423 349 loeo
1448 316 1483 348 in

188 374 332 418 priorem
356 374 402 407 ita
426 374 603 418 transnssit,
628 377 666 407 ut
689 374 1007 408 duobus·vocabulis
1032 374 1207 417 postremis
1233 375 1269 407 in
1293 375 1484 416 genetivum

188 433 323 466 mutatis
349 444 462 467 omnes
487 434 523 466 in
547 443 646 467 versu
673 435 742 467 318
769 433 975 476 ineleganter
998 434 1170 476 praeberet
1194 434 1373 475 genetivos

159 488 164 491 ’
216 512 218 514 ·
286 492 514 530 Nunctotam
539 492 624 525 hano
649 492 885 525 oratiunculam
911 502 1173 535 percenseamus.
1223 492 1372 525 Helenae
1397 502 1484 525 mor-

72 566 106 591 ‚³-
130 598 132 601 ,
188 553 283 584 tuum
308 561 382 584 esse
395 549 583 584 Menelaum
608 551 788 593 suspicanti
812 560 1009 593 omnemque
1027 561 1121 594 spem
1145 551 1308 591 abicienti,
1334 554 1372 583 ut
1383 551 1487 584 Tbeo-

189 619 285 642 noam
311 612 419 642 vatem
457 609 499 642 de
523 610 585 641 hac
623 619 660 642 re
684 604 879 650 interroget,
916 610 1035 642 chorus
1074 609 1196 642 suadet.
1248 610 1296 641 Ae
1334 610 1486 651 primum

178 664 325 710 quidem
348 668 408 700 has
434 669 586 710 quattuor
610 670 720 711 partes
745 667 899 701 facillime
925 668 1199 701 internoscimus:

290 727 335 770 ‚1)
361 728 375 760 i
398 728 435 760 in
459 727 601 769 domum,
629 727 664 771 2)
689 728 854 770 interroga
879 728 1074 770 Tbeonoam,
1108 728 1143 771 3)
1170 739 1253 771 quae
1279 729 1389 761 omnia
1414 729 1486 768 scit,

191 785 227 829 4)
252 789 363 818 utrum
387 787 475 819 vivat
499 787 606 819 adhuc
630 788 750 819 coniux
774 790 852 819 tuus
877 797 920 818 an
944 790 1092 819 mortuus
1119 787 1183 819 sit.‘

287 844 360 877 Alia
401 844 520 878 deinde
558 854 595 878 re
621 845 756 878 ,monita
794 845 879 889 (320
905 848 989 879 extr.
1016 864 1063 869 —
1091 847 1112 879 3
1138 845 1238 888 med.)
1275 845 1384 878 verbis
1411 840 1481 879 ἀλλ’

189 901 265 948 ἐμοὶ
301 903 400 937 meos
438 914 520 937 usus
545 904 632 936 redit
669 904 712 936 ad
736 914 776 936 ea
811 915 895 945 quae
934 901 1031 937 antea
1057 908 1204 937 suaserat
1242 904 1409 936 simillime
1435 914 1487 936 re-

189 962 347 1004 petenda:
377 962 409 1003 1)
427 962 577 1004 relinque
595 961 792 1003 sepulcrum,
820 961 854 1005 2)
872 962 1008 994 conveni
1026 962 1199 1004 virginem,
1227 962 1261 1005 3)
1274 962 1362 994 unde
1376 949 1489 994 >omnia

188 1030 378 1064 cognosces,
404 1020 440 1064 4)
467 1024 504 1054 ut
528 1031 644 1054 verum
669 1021 763 1054 dieat.
790 1021 901 1054 Velim
926 1025 1075 1055 accurata
1099 1021 1265 1055 conferas:

193 1080 226 1125 1)
278 1077 414 1115 ὲλθοῦσ’
433 1079 469 1120 ἐς
492 1079 603 1119 οἴκους
856 1100 902 1105 --
929 1079 1033 1127 τάφον
1057 1079 1200 1115 λιποῦσα
1224 1079 1320 1115 τόνδε

306 1170 308 1172 ,
834 1141 876 1175 cf.
910 1142 980 1174 315
999 1142 1169 1186 μνήματος
1194 1136 1323 1173 λιποῦσ’
1345 1138 1445 1184 ἕδραν
1466 1097 1486 1175 }

192 1198 227 1241 2)
278 1196 388 1231 πυθοῦ
415 1195 565 1242 Θεονόης
594 1228 596 1230 .
859 1217 906 1222 -
932 1196 1094 1244 σῦμμιξον
1119 1197 1204 1243 κόρῃ

191 1256 226 1299 3)
276 1255 298 1302 ἣ
324 1256 365 1289 τὰ
389 1252 479 1290 πάντ’
507 1254 678 1290 ἐπίσταται
862 1276 909 1281 -
935 1254 1080 1302 ὅθενπερ
1105 1255 1187 1290 εἴσει
1211 1255 1322 1290 πάντα

190 1314 225 1358 4)
276 1316 373 1349 πόσιν
387 1314 448 1348 σὸν
462 1313 521 1348 εἴτ’
534 1311 600 1348 ἔστ’
613 1313 660 1348 ἔτι
673 1312 736 1349 εἴτ’
750 1314 821 1348 κτλ.
861 1334 908 1339 -
933 1312 1070 1362 τάληθῆ
1097 1316 1223 1359 φράσαι

288 1374 356 1406 Res
382 1372 531 1415 singulae
557 1373 697 1415 singulis
721 1374 928 1416 respondent,
967 1365 1117 1416 quattuor
1141 1384 1196 1407 res
1222 1384 1319 1416 supra
1344 1373 1485 1406 monitae

189 1435 396 1475 repetuntur,
439 1432 538 1465 etiam
564 1434 726 1465 structura
762 1433 862 1465 trium
886 1433 1129 1466 enuntiatorum
1165 1433 1311 1475 priorum
1348 1435 1486 1475 utroque

190 1491 260 1524 loco
285 1493 337 1523 est
361 1490 485 1523 eadem.
536 1490 643 1530 Quare
668 1501 744 1523 oum
781 1491 880 1523 verba
904 1492 999 1525 πόσιν
1025 1490 1085 1524 σὸν
1111 1487 1173 1524 εἴτ’
1182 1490 1272 1542 κτλ.
1311 1501 1355 1523 ex
1388 1491 1488 1523 verbo

189 1549 303 1584 πυθοῦ
329 1546 500 1596 (Θεονόης)
526 1550 701 1593 pendeant,
726 1550 824 1583 etiam
849 1550 948 1583 verba
972 1547 1106 1597 τάληθῆ
1134 1548 1259 1597 φράσαι
1282 1551 1324 1583 ad
1349 1550 1488 1583 eandem

190 1620 263 1642 rem
289 1610 467 1651 spectantia
504 1619 547 1641 ex
572 1605 731 1653 σόμμιξον
758 1608 871 1653 (κόρη)
909 1610 1052 1651 pendere
1084 1610 1196 1651 colligi
1227 1613 1343 1652 potest.
1394 1609 1487 1641 Hanc

192 1668 389 1700 structuram
425 1666 463 1700 G.
488 1666 713 1711 Hermannus,
745 1677 822 1700 oum
858 1666 952 1710 aliil)
984 1667 1116 1700 aliunde
1143 1667 1196 1710 (of.
1228 1667 1341 1700 Herm.
1367 1666 1486 1710 adnot.)

190 1728 290 1759 verba
313 1724 450 1772 τάληθῆ
478 1724 603 1772 φράσαι
626 1727 770 1769 pendere
795 1727 1044 1767 arbitrarentur,
1082 1728 1235 1769 probavit.
1286 1727 1403 1769 Neque
1434 1736 1488 1759 me

190 1786 276 1827 fug-it
300 1795 367 1818 non
391 1785 487 1817 modo
502 1785 587 1817 ‘illas
612 1786 870 1818 constructiones
896 1795 970 1818 esse
995 1785 1158 1826 duriores,
1198 1786 1256 1818 sed
1282 1786 1380 1818 etiam
1404 1785 1488 1818 Her-

191 1845 313 1885 manni,
338 1854 447 1886 neque
471 1847 583 1877 tamen
607 1844 688 1876 haec
712 1846 779 1876 tam
803 1844 886 1876 dura
910 1846 970 1884 est,
996 1854 1079 1886 quae
1104 1845 1145 1876 ab
1176 1844 1421 1886 interpolatore,
1446 1844 1488 1876 de
1518 1871 1520 1873 .

193 1913 257 1947 quo
281 1905 413 1934 acturus
439 1911 528 1943 sum,
567 1902 695 1934 admitti
725 1912 791 1934 non
822 1903 972 1945 potuerit.
1025 1902 1181 1945 Sequitur
1212 1903 1348 1944 insuper
1372 1902 1488 1935 eadem

192 1962 326 2005 quidem
351 1961 542 2001 cohortatio,
586 1961 644 1994 sed
686 1964 848 1994 contracta
879 1964 914 1994 et
945 1962 1090 1994 astricta:
1135 1964 1204 1995 326
1245 1972 1329 2001 ,011111
1366 1961 1402 1993 in
1426 1961 1487 1993 hae

191 2021 287 2054 domo
312 2021 448 2061 habeas,
487 2019 566 2062 quid
603 2019 734 2061 longius
773 2018 935 2062 specmsP‘
989 2018 1077 2060 Quid
1102 2020 1190 2052 domi
1214 2020 1364 2061 haberet,
1408 2019 1487 2052 satis

190 2090 356 2123 superque
374 2079 491 2112 chorus
509 2078 679 2111 disseruit:
697 2088 815 2122 nempe
834 2078 1020 2112 Theonoam
1035 2081 1153 2119 vatem,
1180 2079 1289 2111 omnia
1307 2080 1487 2111 scientem?

292 2226 317 2263 ¹)
337 2225 432 2255 Multo
442 2225 547 2254 durius
558 2224 591 2255 G.
603 2224 800 2254 Hoffinannus
810 2224 915 2262 (iahrb.
937 2225 957 2255 f.
979 2225 1065 2255 class.
1076 2225 1153 2262 phil.
1164 2225 1203 2255 85
1214 2225 1316 2264 (1862)
1336 2235 1364 2262 p.
1373 2225 1431 2255 593
1442 2234 1488 2263 sq.

160 2316 164 2319 Ι
190 2276 224 2305 et
242 2274 427 2312 interpungit
446 2275 477 2304 et
496 2273 661 2311 intellegit:
692 2273 824 2313 τάληθῆ,
846 2274 965 2313 φράσαι,
999 2273 1093 2313 ἔχουσι’
1122 2275 1151 2304 ὲν
1170 2274 1230 2305 κτλ.
1254 2287 1287 2301 =
1312 2275 1487 2311 solitatem,

193 2321 306 2363 reputa,
328 2333 396 2354 cum
415 2325 546 2361 paratam
566 2323 675 2353 habeas
695 2322 729 2352 in
748 2322 798 2352 his
809 2323 942 2360 aedibus,
964 2332 1018 2352 cm·
1036 2322 1202 2361 longinqua
1223 2325 1341 2361 quaeris
1362 2323 1487 2354 ooulis‘?’

1234 2376 1253 2404 2
