1721 2783
839 57 860 88 7

370 171 406 214 4)
440 171 510 214 Iph.
536 170 579 204 A.
605 182 724 206 versus
751 172 918 206 538—41
946 182 1068 214 agmen
1092 172 1259 205 claudunt.

448 229 484 264 ἓν
510 240 566 277 μοι
591 227 749 276 φύλαξον,
774 228 963 272 Μενέλεως,
980 228 1052 264 ἀνὰ
1077 231 1217 275 στρατὸν

444 287 566 330 ἐλθών,
593 287 684 331 ὅπως
710 287 749 324 ἂν
775 291 821 337 μὴ
847 287 1130 336 Κλυταιμνήστρα
1154 288 1234 323 τάδε

444 347 552 394 μάθῃ,
578 349 653 393 πρὶν
672 346 772 394 Ἅιδῃ
800 346 893 382 παῖδ’
921 348 1005 395 ἐμὴν
1030 348 1173 393 προσθῶ
1200 348 1323 392 λαβὼν,

445 404 490 448 ὡς
515 403 566 441 ἐπ’
594 406 784 453 ἐλαχίστοις
809 406 966 453 δακρὺοις
991 406 1133 453 πράσσω
1158 412 1282 448 κακῶς.

298 466 350 499 Νο
383 467 436 499 hic
475 465 610 509 quidem
642 467 756 507 eadem
786 478 841 501 res
873 469 982 501 exstat
1019 471 1116 510 atque
1147 468 1204 500 illo
1235 467 1382 500 Helenae
1415 467 1496 500 loco.

203 524 334 559 Etenim
358 526 450 568 pn'us
476 527 681 559 enuntiatum
706 527 804 559 finale
829 537 895 560 non
919 537 978 570 per
991 537 1028 560 se
1052 527 1120 559 vim
1144 527 1241 559 habet
1266 527 1411 567 finalem,
1438 527 1497 559 sed

203 582 348 631 φύλαξον
373 582 464 626 ὅπως
488 587 587 619 verba
611 587 775 619 artissime
800 587 971 620 coniuncta
996 597 1068 620 eam
1102 590 1297 619 structuram
1334 587 1503 629 praebent,

205 654 288 686 quae
314 644 416 676 dividi
440 655 506 677 non
530 646 641 687 possit.
691 646 842 690 Accedit,
880 647 967 689 quod
997 647 1078 679 haec
1104 646 1270 679 enuntiata
1301 645 1411 677 finalia
1435 645 1499 677 alio

206 704 374 736 enuntiato
401 704 626 746 seiunguntur.

304 762 392 804 Ergo
423 773 619 805 quamquam
649 766 697 796 tot
729 765 895 796 enuntiata
925 765 1035 796 finalia
1067 764 1163 807 (443)
1188 764 1274 806 apud
1307 763 1499 805 Euripidem

209 821 366 863 leguntur
396 824 494 864 atque
534 822 663 864 saepius
688 823 834 865 proxime
860 822 979 866 posita,
1016 822 1145 855 nullum
1170 822 1358 855 invenimus
1382 822 1501 865 locum,

207 882 264 914 ubi
289 891 418 914 merum
443 881 646 914 enuntiatum
662 882 760 914 finale
785 882 887 914 altero
903 892 993 914 mero
1019 879 1205 926 excipiatur,
1229 882 1321 913 nulla
1342 891 1378 914 re
1404 881 1503 913 inter-

206 941 319 984 posita.
371 939 483 981 Qualis
509 950 585 973 cum
611 950 698 974 unus
725 941 770 974 sit
793 941 940 974 Helenae
965 941 1069 986 locus,
1094 941 1186 973 cuius
1213 950 1329 973 versus
1357 942 1401 974 65
1428 940 1504 972 aliis

134 1040 140 1046 -
206 1010 335 1042 quoque
360 1010 403 1033 ex
428 1000 572 1043 partibus
597 1001 740 1042 graviter
764 1001 902 1044 laborat,
932 1011 1065 1034 versum
1092 1002 1137 1034 65
1164 1000 1313 1042 Euripidi
1345 1000 1502 1033 abiudico.

306 1059 346 1090 In
363 1069 435 1091 eam
445 1059 591 1091 Helenae
617 1061 795 1092 orationem
821 1061 905 1102 (255
922 1059 1015 1102 sqq),
1041 1070 1104 1101 qua
1129 1060 1248 1102 quibus
1271 1059 1367 1090 malis
1390 1059 1504 1090 affecta

208 1119 253 1151 sit
270 1121 388 1159 narrat,
413 1118 681 1161 interpolatorum
706 1119 807 1152 libido
818 1122 963 1161 grassata
988 1121 1047 1152 est.
1078 1119 1210 1152 Etenim
1236 1129 1299 1161 qua
1324 1117 1446 1150 ratione
1472 1120 1506 1149 et

208 1178 260 1208 via
286 1178 393 1209 omnia
418 1187 457 1209 ea
482 1188 565 1218 quae
591 1179 746 1218 leguntur
770 1179 856 1210 dicta.
882 1179 956 1221 sint,
981 1179 1146 1210 neminem
1174 1187 1248 1209 esse
1274 1177 1504 1218 expediturum

206 1246 271 1269 non
295 1236 416 1278 ignoro.
468 1235 578 1269 Talem
605 1239 715 1270 autem
739 1238 957 1270 narrationem
988 1246 1052 1280 qua
1083 1237 1228 1269 fortunas
1261 1245 1336 1268 suas
1365 1245 1504 1278 persona

205 1296 327 1337 primas
351 1305 454 1336 agens
485 1298 594 1337 partes
619 1300 790 1328 enumeret
825 1296 1109 1339 interpolatoribus
1147 1296 1331 1337 complures
1363 1295 1504 1327 addendi

206 1362 302 1384 ansas
325 1353 460 1386 ,dedisse
485 1355 583 1396 patet.
633 1353 718 1386 Nam
743 1356 835 1396 poeta
861 1354 970 1397 eligit,
1007 1363 1061 1385 res
1093 1354 1228 1385 consilio
1261 1363 1319 1384 suo
1349 1356 1441 1394 aptas
1473 1355 1505 1384 et

208 1412 464 1444 accommodatas
502 1415 747 1454 commemorat,
785 1413 847 1445 alia
885 1423 968 1455 quae
1003 1413 1045 1445 ad
1069 1423 1140 1445 rem
1177 1412 1288 1444 minus
1320 1412 1504 1455 pertineant

208 1471 378 1513 praeterit:
422 1471 668 1513 interpolatores
706 1472 740 1504 id
766 1475 896 1515 curant,
937 1482 979 1504 ne
1017 1475 1110 1514 poeta
1143 1472 1320 1514 quidquam
1357 1471 1505 1503 videatur

208 1530 366 1570 omisisse,
392 1530 529 1571 addunt,
555 1540 618 1572 qua
642 1533 718 1563 sunt
742 1530 868 1572 ingenii
893 1531 1080 1563 infimitate
1113 1533 1274 1573 repetunt,
1300 1533 1404 1562 totum
1428 1539 1504 1562 sen-

207 1589 382 1622 tentiarum
398 1600 521 1622 nexum
538 1590 710 1622 obscurant
727 1593 760 1623 et
775 1591 914 1623 turbant.
967 1590 1032 1623 Sed
1056 1600 1098 1623 110
1114 1590 1354 1632 praeiudicasse
1378 1599 1505 1635 arguar,

210 1648 402 1689 priusquam
444 1648 485 1680 de
521 1651 587 1680 tota
628 1650 690 1680 hac
727 1649 869 1681 oratione
907 1649 1001 1690 plura
1035 1649 1258 1690 pronuntiem,
1301 1649 1336 1680 in
1375 1648 1503 1688 singula

210 1706 382 1748 inquiram.

315 1766 364 1797 Ac
388 1765 531 1807 primum
563 1766 695 1807 quidem
726 1776 842 1798 versus
876 1768 1043 1799 257—59
1083 1776 1157 1798 cum
1182 1766 1347 1797 Badhamo
1379 1765 1505 1798 damno.

212 1823 329 1866 Neque
366 1826 475 1856 tamen
512 1824 567 1856 hic
603 1827 659 1856 aut
693 1824 909 1866 interpolandi
945 1824 1104 1856 rationem
1143 1824 1222 1856 satis
1247 1823 1414 1866 perspexit
1448 1825 1506 1855 aut

210 1883 360 1925 Euripidi
387 1883 553 1923 satisfecit,
579 1893 654 1915 cum
671 1883 731 1915 hos
747 1893 863 1916 versus
887 1883 1013 1915 monuit
1039 1883 1147 1924 ⁷sciolo
1173 1883 1286 1916 deberi
1312 1882 1368 1924 qui
1385 1893 1414 1914 V.
1435 1884 1505 1915 254

208 1942 290 1985 (256
317 1941 410 1983 ch.)
435 1942 521 1974 male
546 1942 731 1976 intellexit‘.
774 1941 936 1974 Versibus
962 1942 1050 1974 enim
1078 1943 1220 1974 256—9
1248 1941 1400 1973 continua
1425 1950 1500 1972 con-

207 2001 330 2034 tinetur
364 2000 578 2043 interpolatio.
629 1998 772 2033 Diversa
807 2001 871 2033 duo
908 2000 1139 2033 miraculorum
1174 2010 1294 2041 genera
1332 2000 1393 2031 hoc
1428 1999 1498 2031 loco

207 2063 388 2100 narrantur,
415 2070 553 2101 quorum
567 2060 658 2101 prius
682 2060 718 2091 in
735 2062 809 2091 nata
835 2069 877 2091 ex
895 2069 953 2091 ovo
970 2059 1096 2091 Helena
1121 2059 1262 2100 positum
1280 2061 1340 2098 est,
1365 2058 1505 2090 alterum

208 2127 243 2159 jn
267 2119 349 2151 mira
375 2118 524 2151 eiusdem
561 2118 626 2151 vita
665 2121 698 2150 et
721 2117 858 2151 fortuna.
909 2118 981 2150 Hoc
1014 2118 1153 2150 alterum
1184 2121 1250 2150 tota
1281 2117 1423 2150 oratione
1450 2126 1506 2149 ex-

208 2178 362 2219 plicatur,
398 2187 498 2209 versu
522 2177 623 2217 igitur
650 2179 720 2209 260
746 2177 845 2208 totius
871 2177 1024 2208 orationis
1056 2177 1149 2217 quasi
1173 2179 1402 2218 argumentum
1433 2186 1506 2217 pro-

138 2243 151 2259 ·
209 2235 350 2281 ponitur.
402 2235 466 2268 Sed
496 2235 588 2278 prius
613 2235 808 2267 miraculum
838 2235 899 2267 hoc
923 2234 994 2267 loco
1026 2234 1122 2277 plane
1149 2235 1296 2277 ineptum
1322 2237 1373 2267 est
1396 2244 1506 2276 neque

209 2297 279 2329 erri
304 2298 428 2338 potest.
455 2295 526 2327 Iam
551 2298 587 2327 ut
612 2304 712 2327 versu
739 2296 809 2327 260
841 2291 940 2336 τὲρας
965 2293 1026 2336 γὰρ
1055 2291 1072 2326 ὁ
1100 2293 1170 2336 βίος
1194 2293 1251 2326 καὶ
1276 2294 1316 2326 τὰ
1342 2289 1505 2338 πράγματ’
