1721 2783
604 0 855 28 *1¹>.³“²'·'‘‹³5'{!.W55³³:›·2
865 2 880 10 ι·
892 2 947 26 ηῌμ
955 1 965 11 π
974 17 980 28 ι
990 1 1035 22 -ςζᾊ
1052 1 1160 30 ›siffis-'⁸-
1170 14 1185 30 ,Γ

703 26 705 28 ,
725 32 729 34 ,
803 37 805 42 A
860 25 871 29 ff
922 28 924 30 ,
958 24 959 28 1
984 27 987 29 .
1017 27 1041 40 „q
1076 32 1084 39 1
1113 27 1127 31 Α
1147 25 1157 29 ,.

228 224 348 266 frigida
387 229 446 257 est.
498 225 576 258 Tale
615 226 694 267 quid
719 226 890 259 Menelaus
927 227 1079 259 versibus
1114 227 1283 259 947—53
1315 224 1428 258 hercle
1463 235 1532 258 non
1595 206 1598 209 Δ

228 284 388 326 promisit,
417 284 476 317 sed
501 294 568 317 non
594 284 716 326 dubito,
742 285 823 328 quin
849 295 967 319 versus
986 287 1056 319 959
1073 294 1144 328 sqq.
1170 284 1305 317 demum
1317 284 1484 327 probatam
1499 283 1532 317 ei

229 344 343 376 orandi
367 344 529 376 rationem
554 345 701 377 afferant.
745 345 922 388 Compares
938 345 1052 388 velim,
1077 354 1176 387 quam
1200 344 1334 386 egregie
1359 344 1418 378 ille
1442 344 1534 377 locus
1553 363 1556 364 ν

228 407 262 436 et
286 404 341 435 hic
365 403 452 436 inter
490 413 526 436 se
559 406 778 446 opponantur:
825 407 994 439 947—53
1035 414 1152 447 ,neque
1178 403 1389 446 supplicando
1426 413 1536 446 neque
1599 448 1602 450 v

228 463 376 496 lacrimis
407 463 601 504 dignitatem
639 466 673 496 et
698 464 836 505 gloriam
874 474 982 497 meam
1007 462 1220 504 imminuam‘,
1264 464 1441 502 959—61,
1465 463 1535 506 ,sed

229 532 312 563 quae
338 531 391 553 me
417 521 517 562 digna
542 524 576 554 et
601 522 686 554 iusta
703 522 842 555 arbitror
867 526 901 555 et
927 532 1010 565 quae
1035 525 1131 555 tuum
1156 521 1364 563 potissimum
1388 521 1535 553 animum

228 579 488 618 commovebunt,
514 579 621 611 dicam
638 604 646 612 .
662 582 708 612 ..‘.
760 579 866 621 Quam
891 580 1005 613 orandi
1035 580 1197 612 rationem
1235 588 1302 611 uno
1326 581 1439 611 tenore
1478 578 1536 612 de·

227 639 315 671 finiri
363 641 439 671 ante
488 648 604 681 preces
648 640 737 682 ipsas
781 650 879 673 nemo
924 650 990 673 non
1027 639 1159 672 videbit.
1226 638 1324 673 Nunc
1371 638 1534 681 genuinae

227 707 343 739 preces
371 700 553 739 sequuntur
564 699 758 739 gravissimo
775 699 866 730 nisae
884 701 1077 739 argumento
1090 698 1273 740 (962—8),
1297 707 1435 739 quarum
1460 707 1535 729 cum
1572 727 1580 733 ,
1633 693 1638 697 ’
1691 678 1721 738 ἲς

227 756 334 789 calore
372 759 406 789 et
430 757 498 788 vita
522 759 725 799 comparatae
750 757 828 790 illae
854 756 1029 800 (954—8)
1062 756 1216 789 videntur
1241 765 1315 789 esse
1339 756 1454 789 umbra
1478 765 1537 789 ex-

227 815 371 857 sanguis.
388 815 427 847 Id
451 818 562 848 autem
586 816 697 858 ipsum
722 816 808 858 quod
825 817 948 858 petitur
973 818 1112 857 utroque
1129 815 1200 848 loco
1226 817 1277 848 est
1294 814 1400 848 idem:

278 876 348 908 963
376 872 514 914 ἀπόδος,
541 872 668 908 ἀπαιτῶ
693 875 755 921 τὴν
781 873 867 921 ἐμὴν
894 873 1051 920 δάμαρτά
1076 884 1115 907 σε
1166 877 1200 907 et

281 934 364 975 [955
393 944 441 976 sq.
469 933 632 979 ζητοῦντά
657 931 690 977 γ’
720 932 834 979 ὀρθ-ῶς
852 932 1037 978 ἀπολαβεῖν
1056 930 1202 979 δάμαρτ’
1221 931 1317 979 ἐμήν,
1345 930 1484 970 ἀπόδος.

228 993 294 1025 Sed
319 993 473 1033 interest,
513 994 601 1035 quod
626 994 838 1036 interpolator
863 995 1018 1026 idoneum
1043 994 1276 1034 argumentum
1300 1001 1368 1024 non
1391 992 1536 1033 praebet,

225 1050 403 1092 Euripides
428 1061 545 1093 preces
571 1052 693 1093 optime
719 1052 897 1084 confirmat.
942 1051 1045 1083 Cuius
1070 1050 1257 1092 argumenti
1282 1060 1358 1082 cum
1383 1059 1450 1081 non
1475 1049 1537 1080 mi-

225 1109 316 1141 nima
342 1119 419 1151 pars
444 1119 547 1142 versu
574 1111 645 1144 964
671 1110 887 1154 contineatur,
921 1119 941 1142 a
965 1109 1132 1142 Badhamo
1158 1108 1327 1149 dissentio,
1366 1107 1423 1150 qui
1448 1107 1536 1140 hunc

225 1178 359 1200 versum
397 1169 578 1201 delendum
616 1172 731 1202 censet
768 1169 972 1211 ,languidum
998 1171 1032 1201 et
1056 1168 1271 1211 impeditum‘.
1321 1167 1536 1209 Interpolator

224 1229 335 1258 autem
360 1227 505 1258 maxime
531 1227 789 1269 deprehenditur
813 1228 850 1259 in
875 1227 1016 1259 absurdo
1042 1223 1181 1271 δάμαρτ’
1213 1223 1301 1270 ἐμήν
1326 1225 1432 1268 (955).
1482 1224 1536 1256 Ex

224 1294 324 1317 versu
351 1287 422 1318 963
462 1285 497 1316 id
522 1286 691 1318 transtulit
728 1286 770 1318 de
795 1287 856 1318 hac
881 1296 918 1318 re
943 1286 1040 1319 unice
1080 1295 1230 1325 securuS‚
1272 1287 1385 1317 utrum
1423 1284 1534 1316 statim

224 1343 366 1376 transire
403 1354 423 1375 a
449 1343 545 1376 tertia
569 1354 709 1387 persona
735 1344 820 1388 (954
853 1355 901 1387 sq.
939 1341 1035 1382 ξένον
1061 1341 1223 1390 ζητοῦντά
1248 1340 1292 1385 γ’)
1325 1343 1366 1375 ad
1397 1343 1536 1385 primam

224 1398 308 1440 (955
336 1398 478 1447 δάμαρτ’
507 1399 604 1448 ἐμήν)
631 1413 691 1445 per
716 1404 962 1444 grammaticam
987 1403 1103 1436 liceret
1127 1412 1243 1435 necne.

323 1458 378 1493 De
404 1461 497 1494 exitu
524 1462 679 1494 orationis
710 1462 887 1494 admodum
918 1461 1044 1494 lubrico
1079 1471 1168 1494 nunc
1206 1460 1435 1493 disserendum
1474 1463 1533 1493 est.

225 1520 416 1552 Schenkelii
441 1523 644 1561 argumenta,
671 1521 729 1562 qui
754 1531 785 1562 p.
805 1523 884 1554 ·451
912 1530 1030 1552 versus
1059 1521 1203 1553 991-5
1231 1519 1329 1563 delet,
1354 1529 1426 1551 rem
1451 1529 1535 1551 non-

223 1578 303 1610 dum
329 1578 501 1619 evincunt,
534 1579 691 1621 equidem
715 1578 815 1611 aliam
840 1579 928 1610 viam
953 1579 1128 1620 ingressus
1157 1578 1299 1620 aliisque
1329 1577 1535 1619 argumentis

222 1646 305 1668 usus
330 1647 448 1669 versus
476 1639 658 1671 988—95
686 1638 815 1670 damno.
867 1638 916 1669 Ac
947 1638 1091 1679 primum
1131 1637 1266 1679 quidem
1304 1636 1345 1668 de
1383 1636 1535 1668 versibus

226 1696 294 1727 991
316 1704 377 1736 sq„
404 1704 487 1736 quos
512 1695 718 1736 Hartungius
743 1696 779 1726 in
804 1695 873 1737 Iph.
900 1695 974 1727 Aul.
994 1705 1023 1737 p.
1043 1697 1090 1727 43
1117 1695 1226 1726 levius
1252 1695 1288 1725 in
1314 1694 1535 1735 suspicionem

222 1757 352 1786 vocatos
383 1753 420 1786 in
454 1754 504 1787 ed.
531 1754 605 1787 Hel.
631 1765 661 1797 p.
691 1755 761 1787 226
789 1764 838 1796 sq.
871 1763 1001 1787 servare
1036 1751 1178 1794 studuit,
1209 1751 1442 1795 disputandum
1473 1753 1533 1785 est.

222 1813 383 1845 Versibus
412 1815 481 1846 988
503 1823 550 1855 sq.
585 1814 631 1856 (et
661 1814 727 1845 iam
760 1813 837 1845 inde
868 1824 888 1845 a
912 1824 943 1845 V.
972 1813 1057 1854 982)
1093 1813 1265 1845 Menelaus
1295 1812 1472 1851 Helenam,
1504 1810 1533 1842 si

224 1882 355 1905 servare
382 1872 583 1915 domumque
609 1872 738 1906 auferre
768 1882 835 1905 non
865 1872 1023 1915 potuerit,
1063 1872 1104 1904 ab
1142 1871 1214 1914 ipso
1252 1870 1461 1903 interfectum
1491 1869 1533 1902 iri

222 1932 375 1964 minatur.
429 1932 499 1973 Qua
525 1943 568 1965 ex
593 1932 841 1965 denuntiatione
868 1942 946 1965 cum
976 1933 1075 1965 verba
1102 1932 1201 1974 (993)
1227 1932 1352 1971 κτεῖν’,
1386 1928 1415 1964 εἰ
1441 1930 1536 1964 δοκεῖ

224 2000 275 2024 σοι
301 1994 438 2023 manent
463 1994 601 2033 arteque
628 2002 704 2023 cum
730 2001 768 2023 ea
794 1992 999 2032 cohaereant,
1024 2000 1142 2023 versus
1170 1993 1238 2024 991
1256 2000 1315 2033 sq.,
1341 1990 1460 2032 quibus
1476 1998 1531 2021 res

221 2060 358 2093 prorsus
383 2051 446 2083 alia
472 2054 753 2092 commemoratur,
781 2052 1020 2085 sententiarum
1044 2060 1169 2084 nexum
1193 2050 1333 2083 moleste
1356 2048 1530 2091 turbantl),

222 2110 331 2151 Atque
358 2109 555 2142 alienissimi
582 2113 660 2142 sunt
685 2111 725 2142 ab
751 2111 811 2142 hoc
836 2111 917 2152 loco,
943 2119 1052 2152 neque
1079 2109 1168 2142 enim
1195 2109 1374 2151 quidquam
1390 2109 1531 2140 afferunt

304 2254 328 2290 ¹)
350 2254 385 2283 Id
408 2254 488 2292 quod
510 2254 625 2284 codicis
647 2254 712 2286 abb.
729 2254 805 2284 Flor.
828 2254 969 2284 librarius
990 2253 1179 2284 intellexisse
1200 2253 1329 2290 videtur,
1351 2260 1529 2291 quamquam

223 2304 328 2332 falsam
350 2304 427 2333 vitio
449 2304 590 2333 adhibuit
609 2304 770 2334 medelam:
792 2313 914 2333 versum
935 2304 1015 2333 enim
1037 2304 1095 2333 991
1117 2303 1280 2340 Theonoae,
1301 2302 1360 2332 992
1381 2311 1445 2339 sqq.
1467 2300 1530 2330 Me-

220 2352 306 2381 nelao
327 2352 443 2388 tribuit,
465 2352 497 2381 in
519 2362 548 2382 v.
570 2352 626 2381 991
650 2352 783 2390 δακρύεις
806 2353 936 2390 scripsit.
