1721 2783
185 217 336 248 mentum
361 196 395 248 et
419 214 536 247 inutile
562 216 596 247 et
622 213 743 246 falsum
769 223 890 247 censeo
915 223 999 247 esse.
1051 214 1137 246 Rem
1162 222 1264 246 versu
1289 214 1360 247 937

183 277 250 306 tam
277 284 321 307 ex
346 284 446 306 versu
473 276 542 308 931
571 273 772 306 confinxisse
804 272 942 306 videtur.
984 272 1123 306 Accedit
1155 269 1403 307 ἀνακόλουθον.

188 334 312 377 μαντιῑ,
338 332 379 365 de
411 341 476 374 quo
506 332 674 374 disputare
701 331 911 374 supersedeo,
936 341 1015 363 cum
1039 331 1235 364 Holthoefer
1261 330 1436 373 (animadv,
1464 330 1471 338 '

182 390 260 425 Eur.
287 390 385 424 Herc.
414 394 448 424 et
473 390 542 424 Alc.
569 390 703 423 Bonnae
733 392 826 426 1881
854 401 885 433 p.
915 392 958 424 19
978 388 1061 433 sqq.)
1088 389 1339 432 interpolatores
1370 386 1575 437 ἄνακο-ς-’ᾗ
1633 397 1637 401 ·

184 446 304 492 λοὺθῳ
334 449 465 490 saepius
490 458 570 481 usos
595 458 670 481 esse
699 467 745 472 —
773 448 839 490 (me
856 448 975 491 iudice)
1001 449 1100 481 inscii
1124 449 1160 481 in
1185 459 1224 482 ea
1242 447 1493 496 'inciderunt—

186 507 414 550 compluribus
441 507 522 540 locis
548 507 745 540 examinatis
770 506 959 549 nuperrime
984 506 1141 539 docuerit.
1192 507 1266 539 Huc
1290 506 1383 547 adde,
1408 506 1515 548 quod·

181 575 245 607 ego
272 575 339 598 non
365 568 432 598 tam
458 568 590 608 propter
616 563 858 599 ἀνακόλουθον
889 575 987 608 quam
1019 565 1094 598 aliis
1129 565 1171 598 de
1203 565 1312 598 causis
1342 567 1377 597 et
1406 563 1494 598 hunc
1510 553 1524 577 ⁵
1543 572 1574 593 t

178 624 329 657 Electrae
357 625 466 657 locum
492 628 526 657 et
551 624 700 658 Helenae
728 634 849 657 versus
869 626 1037 658 287—92
1067 621 1176 666 (ἀνακ
1194 634 1224 656 v.
1245 626 1314 658 288
1332 633 1383 666 sq.
1400 631 1495 666 prae·
1521 629 1530 631 ”
1558 615 1616 665 ³²:

180 682 272 723 bent)
297 683 473 724 proscribo.
524 682 595 714 Iam
621 692 699 715 vero
725 682 896 714 falsarium
922 685 1131 724 repetentem
1164 682 1225 725 (El.
1254 684 1323 715 936
1342 691 1390 724 sq.
1416 681 1538 723 del.)

179 741 365 773 accuratius
391 741 526 773 intuens
551 741 654 773 altero
680 740 756 772 loco
781 740 931 783 proximo
943 740 1087 782 reperio.
1123 740 1284 781 Legimus
1300 740 1391 772 enim
1408 739 1525 772 intra
1560 782 1587 793 Ἥ
1601 780 1613 787 .⁷

179 803 306 841 septem
332 808 449 832 versus
476 800 557 842 (931
570 819 616 823 —
629 799 662 842 7)
690 809 796 841 paene
832 799 972 832 eandem
1003 808 1076 831 rem
1108 801 1159 831 ter
1190 798 1300 832 verbis
1326 798 1492 831 similibus

178 859 361 900 expositam
386 862 485 901 atque
511 859 658 891 additam
685 859 797 891 eidem
822 858 871 891 rei
897 858 1057 891 similem:

204 929 272 961 931
304 924 321 961 ὁ
348 932 409 974 τῆς
436 928 603 971 γυναικός,
629 923 707 972 ουχὶ
735 924 876 970 τάνδρὸς
900 923 923 972 ἡ
949 925 1041 971 γυνή.

205 990 275 1020 932
292 997 340 1029 sq.
356 991 556 1030 προστατεῖν
567 998 602 1028 γε
617 985 784 1031 δωμάτων
798 991 945 1027 γυναῖκα,
960 986 1006 1031 μὴ
1020 986 1076 1019 τὀν
1088 983 1207 1030 ἄνδρα·
1270 995 1373 1028 paene
1400 985 1488 1019 idem

204 1046 273 1077 937
300 1042 441 1087 τάνδρὸς
468 1044 529 1089 μὲν
556 1040 677 1084 οὐδείς,
704 1049 771 1077 τῶν
799 1043 836 1077 δὲ
863 1043 1011 1089 θηλειῶν
1036 1042 1147 1086 λόγος.

202 1115 273 1145 934
293 1123 340 1154 sq.
368 1109 455 1152 ὅστις
480 1116 540 1146 τοῦ
568 1113 628 1158 μὲν
655 1109 800 1156 ἄρσενος
826 1112 954 1156 πατρὸς
981 1108 1044 1146 οὒκ
1069 1109 1279 1157 ὠνόμασται,
1311 1115 1372 1157 τῆς
1397 1109 1436 1144 δὲ

1065 1170 1192 1215 μητρὸς
1217 1169 1253 1203 ἐν
1278 1168 1386 1203 πόλει.

174 1240 425 1273 Animadvertas
442 1239 555 1283 velim,
580 1250 644 1282 qua
665 1239 858 1273 morositate
882 1239 917 1271 in
935 1239 1091 1272 omnibus
1109 1238 1162 1271 his
1180 1238 1368 1279 enuntiatis,
1394 1247 1493 1281 praef

174 1298 270 1340 cipue
296 1299 332 1329 in
357 1299 462 1330 tribus
487 1299 651 1340 prioribus
680 1299 740 1338 ‚vir
767 1302 800 1331 et
826 1299 955 1331 mulier‘
984 1298 1048 1330 sibi
1061 1300 1272 1340 opponantur.
1315 1297 1374 1331 An
1390 1298 1484 1330 Euri-

173 1358 284 1400 pidem
310 1360 377 1390 tam
403 1358 552 1400 ineptum
577 1360 611 1390 et
636 1358 791 1390 hebetem
817 1367 891 1390 esse
909 1356 1047 1399 putabis,
1074 1359 1111 1389 ut
1128 1357 1232 1389 semel
1248 1357 1381 1389 inventa
1397 1366 1483 1389 nun-

174 1427 273 1459 quam
299 1417 435 1457 omittat,
468 1417 510 1448 ad
535 1417 681 1449 taedium
709 1427 815 1459 usque
841 1418 989 1459 repetat?
1030 1417 1139 1458 Atque
1164 1416 1317 1449 versibus
1345 1418 1414 1450 936
1434 1425 1483 1458 sq.

173 1476 239 1507 iam
266 1476 380 1508 eiectis
406 1477 505 1508 etiam
531 1476 630 1508 verba
658 1476 743 1518 (932
764 1476 825 1518 sq.)
852 1479 1049 1519 προστατεῖν
1075 1486 1112 1516 γε
1140 1473 1305 1520 δωμάτων
1330 1479 1481 1516 γυναῖκα,

173 1535 219 1580 μὴ
246 1534 304 1568 τὸν
332 1531 440 1578 ἄνδρα
465 1534 615 1577 Euripidi
640 1535 802 1578 abiudico,
827 1545 970 1577 namque
998 1534 1078 1577 quid
1103 1537 1199 1577 turpe
1225 1534 1279 1577 sit,
1303 1544 1368 1567 non
1393 1534 1484 1576 igno-
1595 1577 1611 1580 N
1627 1571 1638 1577 ¹!

172 1603 293 1634 ramus,
319 1604 396 1625 cum
421 1590 495 1626 τόδ’
523 1594 564 1626 ad.
590 1603 726 1626 versum
753 1594 955 1636 superiorem
973 1593 1071 1636 (931)
1089 1593 1206 1626 referri
1222 1593 1335 1635 possit.
1374 1593 1484 1626 Verba
1543 1593 1546 1595 ’
1579 1586 1626 1641 J„

171 1655 283 1685 autem
309 1655 512 1695 προστατεῖν
537 1651 609 1684 κτλ.
636 1651 720 1684 nihil
746 1653 822 1685 novi
855 1652 1039 1693 continent,
1079 1652 1138 1685 sed
1176 1662 1247 1685 rem
1285 1662 1385 1685 versu
1412 1652 1481 1685 931

171 1711 369 1753 propositam
394 1713 558 1753 repetunt,
585 1721 669 1753 quae
695 1711 868 1754 paululum
894 1699 1047 1743 mutatur.
1088 1711 1274 1754 Euripides,
1298 1711 1364 1743 nisi
1390 1721 1482 1752 egre-
1546 1712 1548 1715 “

169 1771 224 1812 gie
252 1770 360 1810 fallor,
386 1770 468 1803 haec
495 1770 672 1813 scripserat
698 1772 772 1813 post
798 1780 932 1803 versum
960 1772 1049 1804 931:
1621 1761 1626 1768 ’

222 1850 292 1881 932
322 1851 356 1880 et
383 1851 403 1881 3
430 1862 480 1877 =
505 1847 615 1882 καίτοι
640 1845 716 1882 τὸδ’
743 1847 887 1893 αἰσχρὸν
914 1847 1024 1892 ἀνδρί·
1051 1847 1226 1890 κάκείνους
1251 1854 1358 1892 στυγῶ
1384 1849 1457 1884 κτλ.
1513 1842 1517 1845 ’

170 1907 288 1939 Virum
314 1909 414 1949 atque
440 1907 543 1940 etiam
569 1907 691 1940 liberos
718 1908 975 1941 contemnendos
1001 1918 1087 1949 esse,
1120 1909 1178 1941 ubi
1203 1908 1325 1942 mulier
1349 1909 1413 1941 viri
1439 1909 1481 1941 sit
1624 1893 1627 1901 ⁸

168 1967 317 2007 domina,
350 1969 427 2009 apte
461 1969 495 1999 et
520 1967 681 2000 concinne
709 1967 793 1999 mihi
819 1967 949 2000 videtur
974 1968 1109 2001 din'sse.
1157 1964 1268 2012 Ἀνδρί
1294 1969 1384 2001 6111111
1408 1972 1482 2012 post

168 2022 311 2070 αἰσχρόν
339 2025 438 2068 (932)
464 2026 695 2059 coniciendum
721 2036 796 2060 esse
823 2037 866 2060 ex
891 2027 995 2060 altero
1020 2028 1333 2061 contemnendorum
1358 2038 1480 2070 genere
1575 2046 1620 2071 ,χ’

169 2078 358 2124 (κάκείνους
384 2089 493 2127 στυγῶ
521 2085 598 2123 τοὺς
624 2084 764 2128 παῖδας)
791 2088 887 2128 patet.
913 2086 1130 2128 Interpolator
1154 2089 1266 2120 autem
1291 2089 1364 2129 post
1380 2087 1481 2120 verba
1532 2121 1534 2123 ,
1573 2074 1629 2119 1

167 2142 277 2177 καίτοι
302 2139 376 2177 τὸδ’
405 2141 547 2189 αἰσχρὸν
573 2141 680 2189 ἀνδρί,
708 2145 790 2187 quid
815 2147 911 2187 turpe
936 2148 1036 2188 esset,
1061 2146 1182 2179 iterum
1196 2145 1323 2179 addidit
1340 2148 1479 2179 structu·
1583 2132 1599 2154 ἶ

168 2213 305 2244 ramque
334 2204 508 2245 supplevit,
535 2214 601 2245 qua
625 2213 662 2236 re
688 2204 873 2244 genuinum
899 2200 997 2248 ἀνδρί
1016 2205 1204 2237 submotum
1221 2208 1280 2238 est,
1327 2205 1485 2247 Ineptum·

167 2271 244 2294 vero
272 2264 339 2301 est,
372 2264 406 2294 et
432 2265 508 2294 ante
544 2258 686 2307 αἰσχρὸν
713 2265 747 2296 et
772 2265 845 2305 post
878 2259 1022 2307 αἰσχρόν
1059 2263 1197 2295 eandem
1237 2273 1308 2296 rem
1346 2273 1478 2305 ponere,

167 2331 264 2364 quam
291 2331 366 2354 esse
392 2324 522 2364 turpem
549 2321 648 2356 dicas,
