1721 2783
133 165 139 178 ἶ
177 173 348 211 ‘damnatis
372 175 413 208 ad
438 175 549 218 plures
574 175 774 209 damnandos
799 185 873 209 esse
898 185 1118 219 progressum,
1143 175 1275 207 veritati
1301 185 1344 207 ex
1360 174 1484 207 falsarii

183 234 313 278 laqueis
353 234 458 276 magis
507 235 677 278 magisque
726 245 762 269 se
804 235 994 278 expedienti
1034 234 1092 267 diu
1133 234 1284 267 obnisum
1332 234 1482 267 cessisse·

124 310 125 313 ¹
149 294 218 331 UA
241 302 340 326 versu
366 295 437 327 264
462 293 614 327 ordimur.
640 294 688 326 Ac
712 294 855 336 primum
880 293 1013 336 quidem
1039 293 1080 326 de
1096 293 1251 336 vocabulo
1276 289 1380 337 τύχας
1405 292 1481 325 audi

183 351 386 398 Badhamum
409 352 573 394 praeclare
589 355 791 386 monentem:
818 352 928 395 ,Plane
944 351 1122 384 absurdum
1139 354 1190 384 est
1209 348 1324 396 τύχας.
1351 351 1482 384 Etenim

185 398 251 443 non
285 410 347 443 hoc
384 412 472 453 optat
508 413 545 443 ut
581 411 779 444 malorum
818 420 951 443 suorum
986 410 1103 443 Graeci
1135 410 1380 450 obliviscantur,
1423 410 1482 442 sed

186 469 516 512 opprobriorum,
548 461 631 511 quae
656 469 834 502 etiamnum
859 469 895 501 in
920 469 1079 501 memoria
1104 471 1250 515 servant,
1284 465 1397 511 ὥσπερ
1424 468 1482 508 τὰς

126 545 135 556 x
185 528 294 569 κακὰς
319 524 462 573 σῴζουσί
487 538 562 574 μου.
594 528 636 561 Et
667 528 826 571 quomodo
850 528 982 561 tandem
1007 527 1167 560 malorum
1196 527 1481 569 praesentium

156 577 157 580 Ἴ
185 587 399 620 reminisci
430 586 613 619 dicantur?‘
663 586 703 618 In
733 587 880 628 margine
911 589 1023 619 textus
1056 586 1175 619 conicit
1201 587 1231 629 ,f.
1258 584 1390 631 φάτεις’,
1422 586 1481 618 s'ed

186 645 321 689 pluralis
337 646 435 679 huius
451 646 598 679 vocabuli
614 656 771 679 numerus
788 656 854 679 non
869 646 1044 679 invenitur.
1076 645 1221 688 Longius
1238 644 1480 688 procedendum

172 697 261 739 ¹esse
286 715 412 738 censeo.
463 705 514 738 Ne
540 706 587 738 sic
612 704 764 748 quidem,
804 705 832 738 si
857 705 1004 738 oblivisci
1041 705 1286 748 opprobriorum
1323 707 1380 737 aut
1411 714 1478 737 non

185 764 325 797 fundere
357 764 525 807 opprobria
554 764 590 796 in
619 764 781 797 Helenam
812 764 927 797 Graeci
963 764 1190 806 perhibentur,
1231 764 1393 796 sententia
1426 767 1477 796 est

186 831 281 856 sana:
319 822 378 855 sed
416 823 445 855 si
473 822 531 854 ffla
561 825 636 855 ante
668 825 797 864 raptum
833 822 1109 864 pulchritudinem
1137 823 1303 855 amisisset
1313 822 1339 865 l)
1370 832 1478 865 neque

185 891 330 925 unquam
355 883 444 924 rapta
470 884 567 921 esset,
593 891 725 914 causam
751 881 883 915 Graecis
908 881 1052 914 futuram
1083 891 1149 914 11011
1174 881 1277 914 fuisse
1302 881 1478 914 dicendum

187 943 272 981 erat,
315 949 374 973 eur
411 940 462 972 illi
500 940 740 973 maledicerent.
791 940 907 983 Neque
949 950 1125 984 possumus
1163 940 1286 983 facere,
1329 943 1367 972 ut
1403 950 1479 972 cuin

188 998 226 1033 G.
252 999 439 1033 Hermanno
463 999 623 1032 Helenam
647 999 876 1041 intellegamus
901 1009 977 1032 011111
1002 1000 1131 1032 fortuna
1169 999 1217 1031 sic
1242 999 1476 1041 paciscentem:

189 1058 293 1101 ,facile
319 1068 356 1091 se
381 1067 561 1100 passuram,
587 1058 617 1090 si
642 1057 705 1090 sibi
730 1058 886 1100 eripiatur
910 1058 991 1091 haec
1015 1058 1126 1099 forma,
1152 1058 1182 1090 si
1207 1058 1302 1091 modo
1323 1058 1476 1091 'oblivisci

186 1117 291 1149 malae
318 1126 395 1150 suae
421 1116 540 1157 famae,
582 1114 772 1149 meminisse
805 1119 915 1150 autem
951 1117 1028 1150 fidei
1066 1127 1143 1159 erga
1180 1118 1334 1150 maritum
1360 1117 1477 1150 Graeci

185 1178 337 1219 possent‘.
387 1176 519 1209 Etenim
554 1186 750 1218 quamquam
788 1186 873 1218 quae
898 1176 1059 1209 desideria
1096 1176 1137 1209 ad
1168 1177 1322 1209 effectum
1359 1176 1477 1209 adduci

185 1238 366 1276 nequeunt,
407 1234 449 1266 iis
480 1234 631 1266 omnibus
667 1235 759 1276 quasi
797 1235 922 1266 vanitas
948 1235 1108 1277 quaedam
1145 1235 1223 1267 insit
1255 1245 1391 1268 necesse
1417 1239 1476 1274 est,

184 1293 281 1336 plane
318 1296 429 1325 tamen
461 1292 593 1324 stultam
623 1292 816 1325 haberemus
859 1295 893 1325 et
922 1295 1032 1326 mente
1063 1296 1203 1336 captam,
1240 1294 1269 1325 si
1307 1303 1393 1325 nunc
1419 1303 1476 1335 pro

184 1351 426 1394 pulchritudine
463 1351 498 1382 in
536 1351 775 1383 deformitatem
810 1361 904 1384 versa
938 1352 1085 1394 accipere
1123 1363 1143 1385 a
1168 1352 1301 1385 Graecis
1341 1354 1475 1394 cuperet

183 1410 288 1443 malae
321 1420 398 1442 suae
423 1410 528 1442 famae
554 1410 749 1443 oblivionem
773 1412 871 1453 atque
907 1411 943 1443 iu
967 1421 1136 1443 summam
1160 1411 1314 1443 virtutem
1345 1411 1474 1443 restitui

183 1469 292 1501 vellet.
342 1468 434 1501 Hanc
459 1468 548 1501 0111111
573 1468 784 1501 mutationem
809 1469 868 1510 1111,
894 1469 1022 1502 etiamsi
1048 1470 1287 1511 cognovissent,
1325 1472 1383 1501 aut
1408 1479 1473 1501 11011

183 1528 385 1560 curavissent
409 1530 465 1559 aut
479 1527 597 1559 merito
622 1528 788 1569 perfidam·
802 1538 939 1561 uxorem
963 1532 1061 1571 atque
1087 1531 1133 1560 tot
1150 1528 1348 1561 Graecorum
1374 1529 1475 1560 inter-

182 1585 350 1618 fectricem
379 1596 399 1617 a
431 1585 502 1618 deis
528 1595 603 1618 esse
628 1586 773 1628 punitam
798 1586 969 1619 dixissent.
1021 1587 1140 1619 Contra
1179 1587 1207 1618 si
1245 1589 1319 1618 ante
1345 1589 1474 1628 raptum

183 1644 359 1678 deformata
384 1654 458 1678 esse
485 1644 583 1688 cupit,
618 1645 683 1677 iam
708 1645 813 1686 habet,
846 1655 905 1678 cur
929 1645 1032 1679 libera
1058 1645 1101 1678 sit
1125 1646 1165 1678 ab
1191 1646 1388 1688 opprobriis:
1417 1645 1475 1678 de-

181 1703 319 1735 formem
343 1703 516 1750 mulierem
543 1713 654 1735 secum
685 1704 845 1736 abducere
869 1705 961 1736 Paris
993 1707 1082 1737 certe
1107 1705 1296 1737 dubitasset.
1349 1704 1474 1745 Quodsi

180 1761 241 1794 hoc
265 1772 368 1794 unum
392 1761 593 1795 desiderium
610 1762 738 1804 probari
762 1765 877 1805 potest,
903 1772 1010 1795 nonne
1037 1773 1080 1795 ex
1096 1763 1157 1795 hoc
1175 1763 1245 1805 ipso
1272 1763 1381 1795 statim
1407 1764 1471 1796 tale

181 1821 260 1863 quid
285 1821 506 1862 colligendum
531 1824 595 1862 est,
639 1822 734 1863 quale
776 1824 855 1862 ,tum
879 1822 959 1854 haec
983 1822 1091 1854 omnia
1117 1822 1201 1854 facta
1229 1833 1296 1855 11011
1327 1822 1473 1855 essent?

179 1879 244 1912 Sed
269 1879 334 1912 dici
359 1890 487 1922 quoque
512 1880 547 1911 id
571 1890 590 1911 a
615 1883 709 1921 poeta
734 1880 878 1911 minime
904 1889 985 1921 opus
1010 1883 1090 1923 erat,
1115 1890 1192 1912 nam
1218 1890 1300 1922 quae
1327 1890 1381 1913 res
1406 1884 1473 1912 tam

181 1938 351 1980 perspicua
387 1941 420 1970 et
453 1941 564 1980 aperta
588 1941 654 1978 est,
697 1936 740 1970 ut=
757 1938 797 1970 ab
822 1938 972 1970 omnibus
1014 1939 1072 1980 qui
1096 1939 1231 1971 audiant
1270 1942 1326 1971 aut
1363 1940 1474 1981 legant

281 2101 305 2138 1)
325 2100 361 2130 In
380 2109 471 2130 versu
492 2100 549 2129 263
576 2109 614 2129 ex
635 2099 783 2137 scriptura
802 2099 939 2130 Laurent.
960 2101 1097 2137 corrupta
1116 2101 1216 2139 λαβεῖν
1237 2101 1290 2140 (γρ.
1312 2102 1406 2140 λάβω)
1428 2119 1465 2123 -

17 2179 30 2185 ,,
185 2149 283 2188 λαβεῖν
303 2150 393 2179 etiam
425 2149 490 2179 cod.
510 2149 604 2178 abbat.
626 2148 753 2178 Florent.
774 2148 941 2186 praebet.—
949 2148 1221 2181 Porsonus—adv.
1242 2160 1270 2188 p.
1292 2151 1350 2180 269
1372 2150 1469 2189 ’λαβον

3 2179 77 2243 ,ᾗ
183 2199 263 2229 reete
284 2198 419 2230 coniecit.
442 2198 546 2237 Λάβοιν
567 2198 600 2228 G.
621 2197 783 2227 Hermanni
802 2197 892 2227 nihili
913 2200 967 2236 est,
994 2207 1063 2228 nam
1083 2199 1115 2228 in
1136 2208 1171 2229 ea
1189 2208 1221 2229 re
1242 2200 1309 2237 niti,
1335 2200 1413 2238 quod
1434 2201 1466 2229 in

177 2248 349 2286 fragmentis
369 2248 472 2285 Eurip.
505 2256 583 2277 unus
613 2247 679 2276 eius
699 2246 780 2276 modi
810 2247 960 2284 optativus
990 2251 1100 2287 τρέφων
1130 2248 1249 2286 legitur,
1280 2251 1368 2287 atque
1390 2250 1466 2279 hane

180 2297 304 2327 formam
330 2296 480 2327 insolitam
500 2296 670 2325 coniectura
690 2295 816 2332 proferre
837 2296 867 2325 et
887 2296 1009 2325 civitate
1030 2296 1138 2326 donare
1158 2306 1217 2326 non
1237 2297 1315 2327 licet.
