1721 2783
488 0 944 35 ·’(11111111’ῇτᾚεπε-«ςῖφεῡξ,.
1003 14 1013 26 s
1035 16 1039 24 -,
1059 17 1062 22 .
1148 26 1150 28 ,

168 219 369 252 quamquam
393 212 441 242 tot
466 210 544 242 vitia
562 210 589 252 1)
622 213 721 254 atque
752 214 820 245 tam
851 213 980 255 gravia,
1017 216 1055 246 ut
1091 214 1198 247 sanari
1236 223 1302 246 non
1339 207 1486 257 possint„

170 268 257 300 hunc
282 268 393 300 locum
418 267 559 311 foedant,
583 272 816 310 argumentum
841 274 952 303 tamen
978 272 1141 314 scrupulis
1168 272 1237 305 sive
1263 271 1472 304 manentibus
1535 268 1537 270 ’

169 327 240 359 sive
268 326 405 359 sublatis
431 336 474 359 ex
499 337 611 360 rerum
637 331 753 361 natura
778 330 841 362 hoc
865 329 1033 372 colligitur
1059 330 1131 364 sine
1163 331 1277 365 dubio:
1317 330 1472 373 ,Helenae

168 385 204 416 in
236 385 373 426 patriam
404 395 556 418 reversae
588 386 772 419 timendum
804 391 870 428 est,
909 399 951 421 ne
989 389 1045 420 illa
1076 388 1204 422 Helena
1242 399 1326 432 quae
1358 389 1472 422 Troiae

167 443 267 476 fuerit
291 443 409 484 habita,
435 444 521 486 quod
546 444 637 477 illius
662 445 743 478 belli
768 447 868 492 atque
893 449 942 479 tot
967 449 1196 490 tantarumque
1209 448 1360 481 caedium
1376 448 1473 491 culpa

168 502 204 533 in
231 502 301 544 ipsa
328 502 385 545 sit,
410 512 429 534 a
454 502 581 535 civibus
613 503 705 536 iratis
735 505 910 539 moenibus
939 504 1153 539 excludatur'.
1204 506 1279 539 Alia
1311 507 1473 540 sententia

168 561 220 593 his
245 562 397 594 versibus
425 562 560 594 subesse
586 563 716 604 nequit,
749 564 885 607 minime
911 574 965 608 ea,
998 575 1098 606 quam
1128 565 1231 597 invita
1262 566 1472 606 grammatica

168 619 206 653 G.
233 619 446 652 Hermannus
472 620 542 653 loco
568 620 760 654 inculcavit:
790 622 834 663 ,in
859 632 1024 655 carcerem
1051 632 1086 655 se
1113 623 1297 656 coniectum
1322 623 1365 655 iri
1381 626 1473 666 putat

167 680 310 720 Helena,
350 680 453 722 quod,
492 680 521 712 si
547 680 618 713 sine
644 681 794 714 Menelao
833 682 958 724 veniat,
998 682 1151 725 Spartani
1183 692 1256 715 eam
1280 693 1347 716 non
1371 680 1472 724 illam,

166 749 252 782 quae
279 738 393 771 Troiae
419 739 529 782 fuerit,
555 749 654 781 quam
679 739 743 782 ipsi
767 750 880 773 veram
905 750 980 774 esse
1005 741 1169 774 Helenam
1194 741 1379 783 credebant,
1413 742 1473 775 sed

166 808 242 831 esse
267 798 366 830 aliam
390 798 574 839 mulierem,
601 809 684 841 quae
710 800 750 831 ob
768 800 890 832 formae
908 800 1158 833 similitudinem
1175 800 1322 833 Helenae
1347 811 1470 834 nomen

167 858 359 897 mentiatur,
398 858 617 890 existimaturi
653 857 739 891 sint'.
790 859 829 891 Id
854 859 940 901 quod
965 859 1168 901 Hartungius
1195 870 1225 902 p.
1253 861 1323 893 202
1350 860 1472 902 optime

166 916 328 948 refutavit.
379 916 441 959 ,1113
467 917 639 957 sententia,
666 927 764 959 quam
790 928 890 949 unam
914 918 992 950 huic
1016 917 1087 950 loco
1112 918 1222 950 inesse
1241 927 1337 960 posse
1350 918 1471 959 monui,

167 974 196 1007 si
222 973 329 1017 ipsam
356 967 558 1018 spectamus}
583 978 672 1007 recta
697 978 763 1008 est:
805 975 912 1008 aliena
937 978 970 1008 et
995 975 1121 1017 inepta,
1153 976 1183 1008 si
1208 976 1370 1018 quomodo
1396 986 1472 1009 cum

165 1034 345 1076 posteriora
380 1037 451 1066 tum
489 1034 595 1077 priora
638 1044 716 1067 cum
754 1034 806 1067 his
844 1034 996 1067 versibus
1034 1035 1229 1068 cohaereant
1272 1035 1469 1078 quaerimus.

165 1093 292 1126 Helena
332 1103 448 1125 unam
486 1093 679 1132 salutem,
720 1104 819 1135 quam
849 1103 980 1136 sperare
1010 1094 1075 1136 ipsi
1100 1094 1233 1136 1100101,
1270 1095 1305 1126 111
1331 1096 1469 1136 coniuge

164 1152 311 1185 redituro
336 1152 486 1194 positam,
512 1162 590 1185 cum
615 1155 742 1185 mortuo
767 1153 905 1196 periisse
931 1153 1083 1186 versibus
1114 1154 1269 1186 277—9
1297 1152 1469 1195 perspicue

164 1212 258 1243 dixit.
310 1212 437 1244 Deinde
465 1222 548 1254 quae
582 1212 667 1244 mala
700 1213 768 1244 suis
800 1212 980 1245 acciderint
1011 1215 1132 1244 narrat.
1183 1212 1251 1244 Iam
1284 1222 1360 1245 vero
1391 1212 1470 1254 quid

165 1279 253 1301 nunc
293 1270 461 1311 sequitur?
512 1270 549 1301 Id
585 1280 703 1311 magna
741 1280 784 1302 ex
819 1273 910 1311 parte
946 1269 1100 1309 affirmat,
1139 1269 1226 1311 quod
1260 1269 1356 1311 paulo
1393 1272 1468 1301 ante

165 1330 277 1371 aperte
311 1331 344 1361 et
376 1329 472 1371 plane
510 1331 695 1370 negaverat.
747 1328 902 1361 Reditum
938 1328 1027 1361 enim
1062 1327 1152 1370 ponit
1189 1330 1358 1370 tamquam
1395 1337 1469 1360 con-

163 1398 297 1420 cessum
312 1387 421 1430 (287),
447 1391 623 1429 negaverat
648 1391 759 1421 autem
785 1388 880 1429 paulo
906 1390 981 1420 ante
1008 1397 1138 1419 omnem
1165 1387 1313 1419 salutem.
1356 1387 1469 1429 Itaque

162 1456 241 1478 011111
268 1456 333 1477 11011
360 1446 402 1478 sit
428 1445 574 1486 dubium,
600 1446 680 1488 quin
706 1446 832 1478 reditus
858 1450 976 1486 magna
1002 1445 1117 1477 salutis
1143 1455 1217 1487 pars
1244 1445 1295 1485 sit,
1323 1445 1467 1487 sibiipsi

162 1505 441 1538 contradicentem
467 1515 541 1538 eam
566 1505 732 1537 habemus.
769 1504 793 1537 C
811 1515 833 1537 u
847 1515 863 1536 r
888 1504 952 1536 tale
979 1504 1058 1546 quid
1083 1504 1194 1546 ponit?
1227 1506 1264 1536 ut
1289 1504 1372 1536 hanc
1389 1514 1468 1546 quo-

162 1574 228 1607 que
254 1574 347 1606 spem
373 1564 489 1597 eodem
515 1564 594 1596 vitio
619 1564 765 1596 laborare
799 1567 939 1606 exponat
972 1566 1069 1606 atque
1102 1563 1243 1605 priorem
1273 1563 1338 1595 iam
1369 1572 1468 1604 nega-

162 1629 230 1657 tam
256 1622 441 1666 (277—9)
475 1614 573 1665 atque
605 1623 744 1656 eandem
776 1623 816 1655 ob
850 1632 982 1654 causam
1006 1622 1075 1655 fore
1102 1625 1138 1654 ut
1162 1622 1243 1654 haec
1269 1631 1399 1664 quoque
1425 1622 1467 1654 ad

163 1683 293 1714 irritum
319 1682 420 1715 cadat.
471 1681 557 1714 Nam
582 1684 616 1714 et
641 1681 698 1713 illo
724 1684 757 1714 et
782 1682 843 1713 hoc
868 1681 939 1713 loco
965 1691 1040 1713 cum
1066 1683 1193 1713 mortuo
1218 1680 1367 1712 Menelao
1402 1683 1467 1712 tota

163 1751 239 1783 spes
265 1740 496 1782 exstinguitur.
549 1739 677 1772 Versus
703 1742 814 1772 autem
842 1741 1003 1782 290—2,
1037 1739 1066 1771 si
1091 1748 1225 1772 versum
1254 1740 1323 1772 279
1351 1739 1467 1772 subse-

162 1803 359 1843 querentur,
400 1810 492 1843 spem
530 1800 680 1832 versibus
708 1801 777 1833 277
806 1809 854 1842 sq.
893 1798 1090 1842 propositam
1127 1800 1216 1831 recte
1255 1798 1466 1841 explicarent.

245 1945 269 1982 ¹)
291 1945 336 1987 Ao
357 1945 487 1982 primum
509 1943 630 1982 quidem
651 1952 703 1980 pro
725 1942 775 1973 ὑπ’
794 1942 869 1982 Ἰλίῳ
891 1942 975 1980 (vide
995 1941 1194 1979 Badhamum)
1222 1939 1273 1971 ἀπ’
1293 1939 1377 1971 Ἰλίου
1397 1950 1467 1971 011111

162 1994 299 2023 Nauckio
322 1993 513 2023 scribendum
533 1995 588 2023 est.
618 1993 733 2023 Deinde
755 1992 938 2029 ,Euripidem
958 1991 1048 2020 verba
1068 1993 1128 2021 tam
1148 1991 1259 2028 vicina,
1282 1990 1466 2029 εἰργοίμεσθα

162 2048 193 2073 et
219 2046 383 2081 δοκοῦντες,
415 2042 452 2072 de
483 2042 614 2072 diversis
640 2042 776 2080 personis
797 2041 943 2079 posuisse'
978 2049 1046 2070 oum
1078 2040 1229 2070 Badhamo
1260 2048 1346 2077 nego.
1390 2039 1465 2069 Tum

160 2093 278 2132 Ἑλένην
298 2093 431 2124 Μενέλεώ
453 2092 481 2131 μ’
502 2093 598 2124 ἐλθεῖν
630 2096 701 2130 μέτα
728 2092 820 2123 verba
845 2091 1023 2131 pravissima
1049 2091 1131 2122 viros
1157 2091 1282 2122 criticos
1310 2090 1464 2121 emendare

162 2144 317 2173 studentes
343 2143 498 2172 eluserunt
524 2151 699 2180 semperque
732 2142 862 2172 eludent.
904 2141 1018 2171 Versus
1029 2141 1095 2188 ,291
1130 2150 1147 2170 a
1173 2142 1298 2170 metrica
1329 2141 1465 2171 abhorret

162 2201 259 2230 neque
280 2192 372 2221 ullam
393 2191 491 2220 adhuc
513 2191 642 2220 salutem
663 2200 702 2219 ex
725 2190 816 2220 variis
837 2189 1019 2219 coniecturis
1047 2190 1154 2218 nactus
1179 2190 1227 2218 est
1253 2190 1305 2218 aut
1331 2197 1465 2226 unquam

161 2241 361 2272 nanciscetur.
402 2240 557 2271 Postremo
584 2248 691 2270 vorsus
719 2239 777 2269 292
803 2243 838 2269 ut
862 2238 963 2268 verbis
991 2238 1122 2268 abundat
1141 2238 1184 2268 113
1205 2238 1384 2269 sententiam
1404 2246 1463 2267 non

161 2291 283 2328 praebet
303 2291 364 2319 nisi
385 2290 557 2327 languidam
578 2299 703 2327 eamque
724 2290 895 2327 repetitam,
922 2289 1071 2318 dividitur
1098 2289 1177 2318 enim
1204 2289 1236 2318 in
1263 2289 1337 2318 duas
1366 2289 1464 2325 partes

160 2348 289 2377 quarum
310 2341 435 2377 utraque
457 2339 581 2368 eandem
601 2340 662 2368 fere
683 2347 746 2367 rem
767 2339 909 2368 continet.
