<?xml version="1.0" encoding="UTF-8"?>
<!DOCTYPE html PUBLIC "-//W3C//DTD XHTML 1.0 Transitional//EN"
    "http://www.w3.org/TR/xhtml1/DTD/xhtml1-transitional.dtd">
<html xmlns="http://www.w3.org/1999/xhtml" xml:lang="en" lang="en">
 <head>
  <title>
</title>
<meta http-equiv="Content-Type" content="text/html;charset=utf-8" />
  <meta name='ocr-system' content='tesseract 3.04.00' />
  <meta name='ocr-capabilities' content='ocr_page ocr_carea ocr_par ocr_line ocrx_word'/>
</head>
<body>
  <div class='ocr_page' id='page_1' title='image "4771787_0011.png"; bbox 0 0 1721 2783; ppageno 0'>
   <div class='ocr_carea' id='block_1_1' title="bbox 0 0 200 436">
    <p class='ocr_par' dir='ltr' id='par_1_1' title="bbox 0 0 200 436">
     <span class='ocr_line' id='line_1_1' title="bbox 0 0 200 436; baseline 0 2347"><span class='ocrx_word' id='word_1_1' title='bbox 0 0 200 436; x_wconf 95' lang='lat' dir='ltr'> </span> 
     </span>
    </p>
   </div>
   <div class='ocr_carea' id='block_1_2' title="bbox 215 759 1406 802">
    <p class='ocr_par' dir='ltr' id='par_1_2' title="bbox 215 759 1406 802">
     <span class='ocr_line' id='line_1_2' title="bbox 215 759 1406 802; baseline -0.001 -9"><span class='ocrx_word' id='word_1_2' title='bbox 215 759 273 801; x_wconf 88' lang='lat' dir='ltr'>,De</span> <span class='ocrx_word' id='word_1_3' title='bbox 308 760 476 793; x_wconf 76' lang='lat' dir='ltr'>nonnullis</span> <span class='ocrx_word' id='word_1_4' title='bbox 513 760 659 792; x_wconf 79' lang='lat' dir='ltr'>Helenae</span> <span class='ocrx_word' id='word_1_5' title='bbox 697 759 824 792; x_wconf 88' lang='lat' dir='ltr'>fabulae</span> <span class='ocrx_word' id='word_1_6' title='bbox 862 759 1056 801; x_wconf 81' lang='lat' dir='ltr'>Euripideae</span> <span class='ocrx_word' id='word_1_7' title='bbox 1093 759 1406 802; x_wconf 54' lang='lat' dir='ltr'>interpolationibus</span> 
     </span>
    </p>
   </div>
   <div class='ocr_carea' id='block_1_3' title="bbox 8 802 1407 862">
    <p class='ocr_par' dir='ltr' id='par_1_3' title="bbox 8 802 1407 862">
     <span class='ocr_line' id='line_1_3' title="bbox 8 802 1407 862; baseline 0 -10"><span class='ocrx_word' id='word_1_8' title='bbox 8 802 13 805; x_wconf 17' lang='grc' dir='ltr'><em>ι</em></span> <span class='ocrx_word' id='word_1_9' title='bbox 57 829 59 831; x_wconf 87' lang='grc'><strong><em>·</em></strong></span> <span class='ocrx_word' id='word_1_10' title='bbox 117 820 311 862; x_wconf 81' lang='lat' dir='ltr'>scripturus⁷</span> <span class='ocrx_word' id='word_1_11' title='bbox 344 820 431 862; x_wconf 87' lang='lat' dir='ltr'>quod</span> <span class='ocrx_word' id='word_1_12' title='bbox 460 820 495 851; x_wconf 92' lang='lat' dir='ltr'>in</span> <span class='ocrx_word' id='word_1_13' title='bbox 526 819 718 852; x_wconf 80' lang='lat' dir='ltr'>universum</span> <span class='ocrx_word' id='word_1_14' title='bbox 749 819 790 851; x_wconf 89' lang='lat' dir='ltr'>de</span> <span class='ocrx_word' id='word_1_15' title='bbox 823 818 1005 851; x_wconf 87' lang='lat' dir='ltr'>fabularum</span> <span class='ocrx_word' id='word_1_16' title='bbox 1030 818 1281 861; x_wconf 83' lang='lat' dir='ltr'>Euripidearum</span> <span class='ocrx_word' id='word_1_17' title='bbox 1305 819 1407 852; x_wconf 88' lang='lat' dir='ltr'>inter-</span> 
     </span>
    </p>
   </div>
   <div class='ocr_carea' id='block_1_4' title="bbox 108 877 1407 1154">
    <p class='ocr_par' dir='ltr' id='par_1_4' title="bbox 108 877 1407 1154">
     <span class='ocr_line' id='line_1_4' title="bbox 114 877 1407 920; baseline 0 -10"><span class='ocrx_word' id='word_1_18' title='bbox 114 878 275 920; x_wconf 79' lang='lat' dir='ltr'>polatione</span> <span class='ocrx_word' id='word_1_19' title='bbox 300 878 398 910; x_wconf 86' lang='lat' dir='ltr'>verba</span> <span class='ocrx_word' id='word_1_20' title='bbox 422 887 488 909; x_wconf 89' lang='lat' dir='ltr'>non</span> <span class='ocrx_word' id='word_1_21' title='bbox 511 877 603 918; x_wconf 86' lang='lat' dir='ltr'>facio,</span> <span class='ocrx_word' id='word_1_22' title='bbox 629 887 725 909; x_wconf 86' lang='lat' dir='ltr'>nemo</span> <span class='ocrx_word' id='word_1_23' title='bbox 749 877 953 919; x_wconf 74' lang='lat' dir='ltr'>vituperabit,</span> <span class='ocrx_word' id='word_1_24' title='bbox 979 877 1156 910; x_wconf 86' lang='lat' dir='ltr'>multarum</span> <span class='ocrx_word' id='word_1_25' title='bbox 1181 878 1268 910; x_wconf 89' lang='lat' dir='ltr'>enim</span> <span class='ocrx_word' id='word_1_26' title='bbox 1287 877 1407 911; x_wconf 89' lang='lat' dir='ltr'>disser-</span> 
     </span>
     <span class='ocr_line' id='line_1_5' title="bbox 108 936 1407 979; baseline 0.001 -10"><span class='ocrx_word' id='word_1_27' title='bbox 108 937 272 970; x_wconf 68' lang='lat' dir='ltr'>¹tationum</span> <span class='ocrx_word' id='word_1_28' title='bbox 297 936 548 979; x_wconf 78' lang='lat' dir='ltr'>praefationibus</span> <span class='ocrx_word' id='word_1_29' title='bbox 573 938 639 968; x_wconf 81' lang='lat' dir='ltr'>tota</span> <span class='ocrx_word' id='word_1_30' title='bbox 663 936 734 969; x_wconf 88' lang='lat' dir='ltr'>fere</span> <span class='ocrx_word' id='word_1_31' title='bbox 759 936 839 969; x_wconf 87' lang='lat' dir='ltr'>haec</span> <span class='ocrx_word' id='word_1_32' title='bbox 865 937 1013 978; x_wconf 84' lang='lat' dir='ltr'>quaestio</span> <span class='ocrx_word' id='word_1_33' title='bbox 1038 939 1172 969; x_wconf 81' lang='lat' dir='ltr'>tractata</span> <span class='ocrx_word' id='word_1_34' title='bbox 1197 940 1257 969; x_wconf 90' lang='lat' dir='ltr'>est.</span> <span class='ocrx_word' id='word_1_35' title='bbox 1308 937 1407 970; x_wconf 89' lang='lat' dir='ltr'>Hele-</span> 
     </span>
     <span class='ocr_line' id='line_1_6' title="bbox 115 995 1407 1038; baseline 0 -10"><span class='ocrx_word' id='word_1_36' title='bbox 115 1005 191 1028; x_wconf 85' lang='lat' dir='ltr'>nam</span> <span class='ocrx_word' id='word_1_37' title='bbox 215 996 422 1038; x_wconf 86' lang='lat' dir='ltr'>potissimum</span> <span class='ocrx_word' id='word_1_38' title='bbox 447 995 544 1037; x_wconf 85' lang='lat' dir='ltr'>elegi,</span> <span class='ocrx_word' id='word_1_39' title='bbox 570 995 691 1037; x_wconf 86' lang='lat' dir='ltr'>quippe</span> <span class='ocrx_word' id='word_1_40' title='bbox 717 1005 780 1038; x_wconf 90' lang='lat' dir='ltr'>qua</span> <span class='ocrx_word' id='word_1_41' title='bbox 805 995 913 1027; x_wconf 88' lang='lat' dir='ltr'>fabula</span> <span class='ocrx_word' id='word_1_42' title='bbox 937 1005 1041 1037; x_wconf 89' lang='lat' dir='ltr'>paene</span> <span class='ocrx_word' id='word_1_43' title='bbox 1067 996 1158 1028; x_wconf 87' lang='lat' dir='ltr'>nulla</span> <span class='ocrx_word' id='word_1_44' title='bbox 1182 996 1292 1028; x_wconf 88' lang='lat' dir='ltr'>minus</span> <span class='ocrx_word' id='word_1_45' title='bbox 1323 997 1407 1029; x_wconf 77' lang='lat' dir='ltr'>viro-</span> 
     </span>
     <span class='ocr_line' id='line_1_7' title="bbox 114 1053 1406 1095; baseline 0 -9"><span class='ocrx_word' id='word_1_46' title='bbox 114 1064 189 1086; x_wconf 87' lang='lat' dir='ltr'>rum</span> <span class='ocrx_word' id='word_1_47' title='bbox 214 1054 399 1087; x_wconf 77' lang='lat' dir='ltr'>criticorum</span> <span class='ocrx_word' id='word_1_48' title='bbox 423 1063 540 1086; x_wconf 86' lang='lat' dir='ltr'>manus</span> <span class='ocrx_word' id='word_1_49' title='bbox 565 1056 699 1095; x_wconf 86' lang='lat' dir='ltr'>experta</span> <span class='ocrx_word' id='word_1_50' title='bbox 724 1056 820 1087; x_wconf 89' lang='lat' dir='ltr'>esset.</span> <span class='ocrx_word' id='word_1_51' title='bbox 864 1053 1012 1086; x_wconf 82' lang='lat' dir='ltr'>Pessime</span> <span class='ocrx_word' id='word_1_52' title='bbox 1037 1057 1146 1086; x_wconf 85' lang='lat' dir='ltr'>autem</span> <span class='ocrx_word' id='word_1_53' title='bbox 1171 1054 1265 1087; x_wconf 86' lang='lat' dir='ltr'>nobis</span> <span class='ocrx_word' id='word_1_54' title='bbox 1290 1054 1406 1086; x_wconf 82' lang='lat' dir='ltr'>tradita</span> 
     </span>
     <span class='ocr_line' id='line_1_8' title="bbox 115 1112 1407 1154; baseline 0 -9"><span class='ocrx_word' id='word_1_55' title='bbox 115 1115 182 1153; x_wconf 84' lang='lat' dir='ltr'>est,</span> <span class='ocrx_word' id='word_1_56' title='bbox 216 1113 346 1154; x_wconf 84' lang='lat' dir='ltr'>saepius</span> <span class='ocrx_word' id='word_1_57' title='bbox 371 1112 460 1145; x_wconf 87' lang='lat' dir='ltr'>enim</span> <span class='ocrx_word' id='word_1_58' title='bbox 484 1112 548 1144; x_wconf 88' lang='lat' dir='ltr'>loci</span> <span class='ocrx_word' id='word_1_59' title='bbox 574 1112 786 1144; x_wconf 81' lang='lat' dir='ltr'>inveniuntur</span> <span class='ocrx_word' id='word_1_60' title='bbox 810 1114 877 1144; x_wconf 83' lang='lat' dir='ltr'>tam</span> <span class='ocrx_word' id='word_1_61' title='bbox 909 1112 1087 1154; x_wconf 86' lang='lat' dir='ltr'>desperati,</span> <span class='ocrx_word' id='word_1_62' title='bbox 1120 1116 1173 1152; x_wconf 89' lang='lat' dir='ltr'>ut,</span> <span class='ocrx_word' id='word_1_63' title='bbox 1205 1113 1283 1154; x_wconf 85' lang='lat' dir='ltr'>quid</span> <span class='ocrx_word' id='word_1_64' title='bbox 1313 1116 1407 1154; x_wconf 77' lang='lat' dir='ltr'>poeta</span> 
     </span>
    </p>
   </div>
   <div class='ocr_carea' id='block_1_5' title="bbox 57 1170 1407 1213">
    <p class='ocr_par' dir='ltr' id='par_1_5' title="bbox 57 1170 1407 1213">
     <span class='ocr_line' id='line_1_9' title="bbox 57 1170 1407 1213; baseline -0.001 -9"><span class='ocrx_word' id='word_1_65' title='bbox 57 1199 65 1203; x_wconf 68' lang='grc'>,</span> <span class='ocrx_word' id='word_1_66' title='bbox 114 1171 185 1213; x_wconf 88' lang='lat' dir='ltr'>ipse</span> <span class='ocrx_word' id='word_1_67' title='bbox 211 1172 386 1213; x_wconf 83' lang='lat' dir='ltr'>scripserit,</span> <span class='ocrx_word' id='word_1_68' title='bbox 411 1181 578 1213; x_wconf 69' lang='lat' dir='ltr'>nimquam</span> <span class='ocrx_word' id='word_1_69' title='bbox 602 1170 705 1213; x_wconf 85' lang='lat' dir='ltr'>possit</span> <span class='ocrx_word' id='word_1_70' title='bbox 729 1170 884 1211; x_wconf 86' lang='lat' dir='ltr'>indagari.</span> <span class='ocrx_word' id='word_1_71' title='bbox 935 1170 1058 1202; x_wconf 85' lang='lat' dir='ltr'>Earum</span> <span class='ocrx_word' id='word_1_72' title='bbox 1087 1173 1197 1203; x_wconf 90' lang='lat' dir='ltr'>autem</span> <span class='ocrx_word' id='word_1_73' title='bbox 1222 1171 1407 1203; x_wconf 86' lang='lat' dir='ltr'>fabularum</span> 
     </span>
    </p>
   </div>
   <div class='ocr_carea' id='block_1_6' title="bbox 113 1229 1407 1743">
    <p class='ocr_par' dir='ltr' id='par_1_6' title="bbox 113 1229 1407 1743">
     <span class='ocr_line' id='line_1_10' title="bbox 113 1229 1407 1271; baseline 0.001 -10"><span class='ocrx_word' id='word_1_74' title='bbox 113 1229 316 1269; x_wconf 85' lang='lat' dir='ltr'>innumero</span> <span class='ocrx_word' id='word_1_75' title='bbox 340 1229 467 1262; x_wconf 84' lang='lat' dir='ltr'>Helena</span> <span class='ocrx_word' id='word_1_76' title='bbox 492 1232 558 1270; x_wconf 89' lang='lat' dir='ltr'>est,</span> <span class='ocrx_word' id='word_1_77' title='bbox 590 1239 727 1271; x_wconf 86' lang='lat' dir='ltr'>quarum</span> <span class='ocrx_word' id='word_1_78' title='bbox 758 1239 833 1261; x_wconf 90' lang='lat' dir='ltr'>cum</span> <span class='ocrx_word' id='word_1_79' title='bbox 858 1239 947 1261; x_wconf 88' lang='lat' dir='ltr'>unus</span> <span class='ocrx_word' id='word_1_80' title='bbox 972 1230 1156 1262; x_wconf 86' lang='lat' dir='ltr'>diutissime</span> <span class='ocrx_word' id='word_1_81' title='bbox 1190 1231 1293 1263; x_wconf 81' lang='lat' dir='ltr'>codex</span> <span class='ocrx_word' id='word_1_82' title='bbox 1322 1230 1407 1262; x_wconf 87' lang='lat' dir='ltr'>Lau-</span> 
     </span>
     <span class='ocr_line' id='line_1_11' title="bbox 114 1287 1406 1330; baseline 0 -10"><span class='ocrx_word' id='word_1_83' title='bbox 114 1288 282 1320; x_wconf 85' lang='lat' dir='ltr'>rentianus</span> <span class='ocrx_word' id='word_1_84' title='bbox 313 1287 546 1330; x_wconf 81' lang='lat' dir='ltr'>(Florentinus)</span> <span class='ocrx_word' id='word_1_85' title='bbox 571 1287 715 1328; x_wconf 88' lang='lat' dir='ltr'>XXXH,</span> <span class='ocrx_word' id='word_1_86' title='bbox 749 1289 768 1320; x_wconf 85' lang='lat'>2</span> <span class='ocrx_word' id='word_1_87' title='bbox 802 1290 899 1319; x_wconf 90' lang='lat' dir='ltr'>notus</span> <span class='ocrx_word' id='word_1_88' title='bbox 929 1289 1018 1320; x_wconf 87' lang='lat' dir='ltr'>esset</span> <span class='ocrx_word' id='word_1_89' title='bbox 1047 1288 1185 1330; x_wconf 89' lang='lat' dir='ltr'>eiusque</span> <span class='ocrx_word' id='word_1_90' title='bbox 1215 1288 1406 1330; x_wconf 86' lang='lat' dir='ltr'>apographa,</span> 
     </span>
     <span class='ocr_line' id='line_1_12' title="bbox 114 1346 1405 1387; baseline 0 -9"><span class='ocrx_word' id='word_1_91' title='bbox 114 1346 262 1379; x_wconf 86' lang='lat' dir='ltr'>Parisina</span> <span class='ocrx_word' id='word_1_92' title='bbox 286 1346 357 1387; x_wconf 82' lang='lat' dir='ltr'>tria,</span> <span class='ocrx_word' id='word_1_93' title='bbox 382 1346 547 1379; x_wconf 85' lang='lat' dir='ltr'>Venetum</span> <span class='ocrx_word' id='word_1_94' title='bbox 572 1355 685 1387; x_wconf 87' lang='lat' dir='ltr'>unum,</span> <span class='ocrx_word' id='word_1_95' title='bbox 710 1346 935 1379; x_wconf 84' lang='lat' dir='ltr'>Florentinum</span> <span class='ocrx_word' id='word_1_96' title='bbox 960 1356 1072 1387; x_wconf 89' lang='lat' dir='ltr'>unum,</span> <span class='ocrx_word' id='word_1_97' title='bbox 1098 1347 1249 1379; x_wconf 83' lang='lat' dir='ltr'>Prinzius</span> <span class='ocrx_word' id='word_1_98' title='bbox 1266 1347 1405 1378; x_wconf 88' lang='lat' dir='ltr'>alterum</span> 
     </span>
     <span class='ocr_line' id='line_1_13' title="bbox 113 1405 1405 1448; baseline 0.001 -10"><span class='ocrx_word' id='word_1_99' title='bbox 113 1410 189 1439; x_wconf 85' lang='lat' dir='ltr'>ante</span> <span class='ocrx_word' id='word_1_100' title='bbox 213 1407 273 1438; x_wconf 91' lang='lat' dir='ltr'>hos</span> <span class='ocrx_word' id='word_1_101' title='bbox 298 1406 413 1438; x_wconf 87' lang='lat' dir='ltr'>decem</span> <span class='ocrx_word' id='word_1_102' title='bbox 438 1416 540 1439; x_wconf 87' lang='lat' dir='ltr'>annos</span> <span class='ocrx_word' id='word_1_103' title='bbox 572 1406 607 1438; x_wconf 88' lang='lat' dir='ltr'>in</span> <span class='ocrx_word' id='word_1_104' title='bbox 633 1406 778 1439; x_wconf 89' lang='lat' dir='ltr'>medium</span> <span class='ocrx_word' id='word_1_105' title='bbox 803 1406 949 1448; x_wconf 89' lang='lat' dir='ltr'>protulit,</span> <span class='ocrx_word' id='word_1_106' title='bbox 981 1406 1127 1439; x_wconf 78' lang='lat' dir='ltr'>codicem</span> <span class='ocrx_word' id='word_1_107' title='bbox 1151 1406 1307 1439; x_wconf 84' lang='lat' dir='ltr'>Abbatiae</span> <span class='ocrx_word' id='word_1_108' title='bbox 1333 1405 1405 1439; x_wconf 82' lang='lat' dir='ltr'>Flo-</span> 
     </span>
     <span class='ocr_line' id='line_1_14' title="bbox 114 1464 1404 1506; baseline 0 -10"><span class='ocrx_word' id='word_1_109' title='bbox 114 1464 261 1497; x_wconf 86' lang='lat' dir='ltr'>rentinae</span> <span class='ocrx_word' id='word_1_110' title='bbox 289 1467 392 1498; x_wconf 83' lang='lat'>2664.</span> <span class='ocrx_word' id='word_1_111' title='bbox 444 1464 549 1504; x_wconf 82' lang='lat' dir='ltr'>Quem</span> <span class='ocrx_word' id='word_1_112' title='bbox 573 1475 639 1500; x_wconf 86' lang='lat' dir='ltr'>non</span> <span class='ocrx_word' id='word_1_113' title='bbox 664 1465 805 1496; x_wconf 91' lang='lat' dir='ltr'>multum</span> <span class='ocrx_word' id='word_1_114' title='bbox 828 1475 848 1496; x_wconf 87' lang='lat' dir='ltr'>a</span> <span class='ocrx_word' id='word_1_115' title='bbox 872 1466 979 1506; x_wconf 86' lang='lat' dir='ltr'>priore</span> <span class='ocrx_word' id='word_1_116' title='bbox 1005 1465 1201 1506; x_wconf 83' lang='lat' dir='ltr'>discrepare,</span> <span class='ocrx_word' id='word_1_117' title='bbox 1228 1467 1404 1506; x_wconf 85' lang='lat' dir='ltr'>utrumque</span> 
     </span>
     <span class='ocr_line' id='line_1_15' title="bbox 115 1523 1404 1566; baseline -0.002 -9"><span class='ocrx_word' id='word_1_118' title='bbox 115 1533 159 1557; x_wconf 83' lang='lat' dir='ltr'>ex</span> <span class='ocrx_word' id='word_1_119' title='bbox 183 1524 299 1557; x_wconf 89' lang='lat' dir='ltr'>eodem</span> <span class='ocrx_word' id='word_1_120' title='bbox 334 1523 509 1566; x_wconf 84' lang='lat' dir='ltr'>archetypo</span> <span class='ocrx_word' id='word_1_121' title='bbox 539 1523 677 1556; x_wconf 85' lang='lat' dir='ltr'>fluxisse</span> <span class='ocrx_word' id='word_1_122' title='bbox 708 1523 824 1556; x_wconf 83' lang='lat' dir='ltr'>docere</span> <span class='ocrx_word' id='word_1_123' title='bbox 856 1524 981 1556; x_wconf 87' lang='lat' dir='ltr'>studuit</span> <span class='ocrx_word' id='word_1_124' title='bbox 1013 1524 1057 1566; x_wconf 91' lang='lat' dir='ltr'>(n.</span> <span class='ocrx_word' id='word_1_125' title='bbox 1083 1524 1183 1557; x_wconf 85' lang='lat' dir='ltr'>iahrb.</span> <span class='ocrx_word' id='word_1_126' title='bbox 1210 1524 1231 1555; x_wconf 88' lang='lat' dir='ltr'>f.</span> <span class='ocrx_word' id='word_1_127' title='bbox 1250 1524 1328 1566; x_wconf 85' lang='lat' dir='ltr'>phil.</span> <span class='ocrx_word' id='word_1_128' title='bbox 1346 1523 1404 1556; x_wconf 81' lang='lat' dir='ltr'>CV</span> 
     </span>
     <span class='ocr_line' id='line_1_16' title="bbox 120 1583 1403 1625; baseline 0 -10"><span class='ocrx_word' id='word_1_129' title='bbox 120 1583 225 1625; x_wconf 84' lang='lat'>1872)</span> <span class='ocrx_word' id='word_1_130' title='bbox 277 1594 306 1625; x_wconf 90' lang='lat' dir='ltr'>p.</span> <span class='ocrx_word' id='word_1_131' title='bbox 335 1583 435 1624; x_wconf 83' lang='lat'>525),</span> <span class='ocrx_word' id='word_1_132' title='bbox 467 1585 565 1625; x_wconf 74' lang='lat' dir='ltr'>atque</span> <span class='ocrx_word' id='word_1_133' title='bbox 592 1583 653 1615; x_wconf 87' lang='lat' dir='ltr'>hoc</span> <span class='ocrx_word' id='word_1_134' title='bbox 678 1593 793 1615; x_wconf 76' lang='lat' dir='ltr'>verum</span> <span class='ocrx_word' id='word_1_135' title='bbox 818 1593 892 1616; x_wconf 90' lang='lat' dir='ltr'>esse</span> <span class='ocrx_word' id='word_1_136' title='bbox 917 1583 1098 1624; x_wconf 80' lang='lat' dir='ltr'>intellexit,</span> <span class='ocrx_word' id='word_1_137' title='bbox 1131 1586 1302 1625; x_wconf 85' lang='lat' dir='ltr'>postquam</span> <span class='ocrx_word' id='word_1_138' title='bbox 1333 1584 1403 1625; x_wconf 88' lang='lat' dir='ltr'>ipse</span> 
     </span>
     <span class='ocr_line' id='line_1_17' title="bbox 113 1641 1406 1684; baseline -0.001 -11"><span class='ocrx_word' id='word_1_139' title='bbox 113 1641 240 1674; x_wconf 87' lang='lat' dir='ltr'>codices</span> <span class='ocrx_word' id='word_1_140' title='bbox 265 1641 424 1684; x_wconf 79' lang='lat' dir='ltr'>inspexit:</span> <span class='ocrx_word' id='word_1_141' title='bbox 451 1641 553 1674; x_wconf 85' lang='lat' dir='ltr'>codex</span> <span class='ocrx_word' id='word_1_142' title='bbox 579 1642 667 1673; x_wconf 87' lang='lat' dir='ltr'>enim</span> <span class='ocrx_word' id='word_1_143' title='bbox 692 1642 837 1674; x_wconf 86' lang='lat' dir='ltr'>abbatiae</span> <span class='ocrx_word' id='word_1_144' title='bbox 856 1641 1062 1674; x_wconf 85' lang='lat' dir='ltr'>Florentinae</span> <span class='ocrx_word' id='word_1_145' title='bbox 1088 1652 1162 1683; x_wconf 87' lang='lat' dir='ltr'>pars</span> <span class='ocrx_word' id='word_1_146' title='bbox 1187 1642 1331 1674; x_wconf 87' lang='lat' dir='ltr'>abscissa</span> <span class='ocrx_word' id='word_1_147' title='bbox 1356 1644 1406 1673; x_wconf 89' lang='lat' dir='ltr'>est</span> 
     </span>
     <span class='ocr_line' id='line_1_18' title="bbox 113 1700 537 1743; baseline 0 -9"><span class='ocrx_word' id='word_1_148' title='bbox 113 1701 234 1734; x_wconf 87' lang='lat' dir='ltr'>codicis</span> <span class='ocrx_word' id='word_1_149' title='bbox 259 1701 398 1734; x_wconf 84' lang='lat' dir='ltr'>Palatini</span> <span class='ocrx_word' id='word_1_150' title='bbox 425 1700 537 1743; x_wconf 84' lang='lat'>2871).</span> 
     </span>
    </p>
   </div>
   <div class='ocr_carea' id='block_1_7' title="bbox 113 1779 347 1785">
    <p class='ocr_par' dir='ltr' id='par_1_7' title="bbox 113 1779 347 1785">
     <span class='ocr_line' id='line_1_19' title="bbox 113 1779 347 1785; baseline 0 0"><span class='ocrx_word' id='word_1_151' title='bbox 113 1779 347 1785; x_wconf 95' lang='lat' dir='ltr'> </span> 
     </span>
    </p>
   </div>
   <div class='ocr_carea' id='block_1_8' title="bbox 112 1814 1404 1903">
    <p class='ocr_par' dir='ltr' id='par_1_8' title="bbox 112 1814 1404 1903">
     <span class='ocr_line' id='line_1_20' title="bbox 200 1814 1404 1854; baseline -0.003 -7"><span class='ocrx_word' id='word_1_152' title='bbox 200 1817 222 1854; x_wconf 86' lang='lat'>¹)</span> <span class='ocrx_word' id='word_1_153' title='bbox 245 1817 282 1847; x_wconf 82' lang='lat' dir='ltr'>ef.</span> <span class='ocrx_word' id='word_1_154' title='bbox 303 1816 419 1847; x_wconf 66' lang='lat' dir='ltr'>Robext.</span> <span class='ocrx_word' id='word_1_155' title='bbox 441 1816 472 1845; x_wconf 91' lang='lat' dir='ltr'>in</span> <span class='ocrx_word' id='word_1_156' title='bbox 486 1816 586 1847; x_wconf 87' lang='lat' dir='ltr'>Herm.</span> <span class='ocrx_word' id='word_1_157' title='bbox 608 1815 681 1845; x_wconf 87' lang='lat' dir='ltr'>XIII</span> <span class='ocrx_word' id='word_1_158' title='bbox 695 1825 721 1853; x_wconf 90' lang='lat' dir='ltr'>p.</span> <span class='ocrx_word' id='word_1_159' title='bbox 739 1815 795 1845; x_wconf 88' lang='lat'>133</span> <span class='ocrx_word' id='word_1_160' title='bbox 816 1817 846 1845; x_wconf 86' lang='lat' dir='ltr'>et</span> <span class='ocrx_word' id='word_1_161' title='bbox 865 1815 979 1853; x_wconf 87' lang='lat' dir='ltr'>Vitelli,</span> <span class='ocrx_word' id='word_1_162' title='bbox 1000 1815 1108 1845; x_wconf 76' lang='lat' dir='ltr'>rivista</span> <span class='ocrx_word' id='word_1_163' title='bbox 1128 1815 1160 1844; x_wconf 88' lang='lat' dir='ltr'>di</span> <span class='ocrx_word' id='word_1_164' title='bbox 1180 1814 1309 1852; x_wconf 85' lang='lat' dir='ltr'>filologia</span> <span class='ocrx_word' id='word_1_165' title='bbox 1329 1814 1404 1844; x_wconf 90' lang='lat' dir='ltr'><strong>VIII</strong></span> 
     </span>
     <span class='ocr_line' id='line_1_21' title="bbox 112 1866 1145 1903; baseline -0.003 -8"><span class='ocrx_word' id='word_1_166' title='bbox 112 1875 140 1903; x_wconf 91' lang='lat' dir='ltr'>p.</span> <span class='ocrx_word' id='word_1_167' title='bbox 163 1866 229 1895; x_wconf 88' lang='lat'>514.</span> <span class='ocrx_word' id='word_1_168' title='bbox 1141 1869 1145 1873; x_wconf 90' lang='grc'><em>·</em></span> 
     </span>
    </p>
   </div>
   <div class='ocr_carea' id='block_1_9' title="bbox 0 2637 1716 2772">
    <p class='ocr_par' dir='ltr' id='par_1_9' title="bbox 0 2637 1716 2772">
     <span class='ocr_line' id='line_1_22' title="bbox 0 2637 1716 2772; baseline 0 11"><span class='ocrx_word' id='word_1_169' title='bbox 0 2637 1716 2772; x_wconf 95' lang='lat' dir='ltr'> </span> 
     </span>
    </p>
   </div>
  </div>
 </body>
</html>
