1721 2783
212 197 222 229 j
309 177 558 221 flemmarum
596 195 713 220 versus
740 188 883 220 242-6
897 185 923 229 1)
948 185 1157 229 proscribam.
1207 184 1399 228 Demophon
1422 185 1509 218 Iolao

210 245 272 287 pro
296 239 481 277 Heraclidis
505 244 606 278 verba
630 244 762 279 fiacienti
785 243 867 291 haec
890 242 1082 287 respondet:

260 311 526 356 236·τρισσαί
551 312 596 359 μ’
623 310 844 360 ἀναγκάζουσι
869 310 1021 351 συννοίας
1032 312 1059 354 2)
1085 309 1171 352 ὁδοί,

357 365 480 410 Ἰόλαε,
506 370 585 409 τοὺς
610 370 689 412 σοὺς
715 370 761 416 μὴ
786 368 1016 415 παρώσασθαι
1039 368 1170 413 λόγους.

310 439 500 483 Sequuntur
524 440 587 473 hae
612 450 745 474 causae:

194 502 199 506 “
263 506 298 549 1)
330 504 414 545 Ζεὺς
439 504 556 545 Ξένιος
581 507 602 539 1.
629 517 657 540 e.
683 507 817 550 hospitii
842 507 894 540 ius
920 510 1162 540 sacrosanctum
1186 507 1271 549 (238
1299 507 1361 549 sq.)

93 543 133 582 ἑ
193 558 202 564 ⁴
261 564 297 608 2)
330 566 595 608 consanguinitas
621 565 706 609 (240
730 566 814 608 init.)

261 624 297 667 3)
329 624 433 666 gratia
457 624 655 675 Heraclidis„
676 634 753 657 cum
777 623 939 659 Hercules
963 623 1005 657 de
1031 623 1160 657 Tbeseo
1197 624 1318 666 optime
1344 624 1512 665 meruerit,

333 682 500 715 reddenda
526 683 613 725 (240
638 677 700 725 sq.)
1276 678 1278 680 “

260 739 295 783 4)
327 740 507 782 ignominia
531 750 551 773 a
576 740 679 783 patria
703 740 921 783 propulsanda
946 739 1128 784 (242—6).

308 808 378 842 lam
402 818 480 842 vero
505 819 581 842 cum
605 807 769 854 τρισσαί
793 819 910 842 musae
929 819 1027 852 supra
1045 809 1285 852 promittantur,
1310 818 1376 841 una
1400 818 1444 841 ex
1460 808 1512 841 his

207 869 363 910 quattuor
388 868 432 900 sit
457 868 621 900 subditiva
644 877 781 900 necesse
806 871 866 902 est.
908 869 962 900 An
987 877 1026 900 eo
1051 868 1228 909 confugere
1253 867 1342 908 licet,
1368 869 1405 899 ut
1429 867 1512 899 duas

212 934 328 958 causas
353 926 389 957 in
413 935 514 958 unam
539 925 790 958 contrahamus?
830 925 942 958 Prima.
967 925 1111 958 secunda
1137 928 1251 967 quarta
1275 928 1387 967 aperte
1424 925 1511 958 inter

212 993 250 1018 se
275 984 425 1018 diversae
451 987 536 1018 sunt.
588 984 654 1018 Sed
689 994 733 1018 ne
770 984 867 1018 tertia
892 984 1026 1027 quidem
1064 982 1156 1017 cum'
1173 984 1318 1017 secunda
1356 983 1513 1026 coniungi

80 1087 90 1095 ἡ
121 1023 131 1037 ’μ
171 1048 173 1050 “
209 1045 326 1085 potest,
351 1053 427 1075 cum
452 1044 488 1075 in
504 1043 601 1076 tertia
624 1043 718 1075 nullo
735 1043 830 1075 modo
855 1043 898 1075 de
915 1043 1197 1084 consanguinitate
1223 1043 1310 1075 inter
1321 1042 1512 1075 Heraclidas

208 1104 244 1134 et
268 1100 428 1134 Thesidas
452 1101 674 1134 intercedente
699 1103 824 1144 agatur,
849 1101 908 1133 sed
932 1100 974 1133 de
991 1100 1109 1144 officio,
1134 1101 1220 1143 quod
1244 1111 1264 1133 a
1277 1101 1404 1134 sseseo
1421 1103 1512 1143 patre

209 1159 401 1201 Demophon
427 1163 603 1201 receperat.
654 1160 763 1192 Iolaus
789 1169 919 1202 quoque
953 1160 1272 1201 consanguinitatem
1310 1163 1344 1192 et
1369 1146 1512 1192 officium

212 1216 398 1249 Heraclidis
422 1217 654 1260 praestandum
679 1217 825 1250 diversas
851 1226 925 1250 esse
950 1226 1066 1249 causas
1091 1217 1205 1257 voluit⁷
1230 1227 1306 1250 cum
1331 1217 1393 1250 hoc
1416 1217 1512 1249 modo

209 1276 339 1309 monuit
365 1279 435 1310 213
463 1287 551 1320 sqq.:

470 1343 586 1388 γένους
614 1345 674 1390 μὲν
699 1343 794 1391 ἥκεις
820 1342 887 1378 ὧδε
913 1343 1034 1385 τοῖσδε,
1061 1343 1246 1391 Δημοφῶν·

471 1402 494 1437 ἃ
519 1400 552 1437 δ’
581 1400 678 1445 ἐκτὸς
702 1401 769 1450 ἤδη
795 1407 854 1437 τοῦ
879 1402 1107 1451 προσήκοντός
1126 1400 1170 1438 ’σε
1198 1403 1252 1438 δεῖ

468 1467 565 1507 τῖσαι,
589 1461 677 1506 λέγω
703 1473 767 1507 σοι,
791 1460 901 1496 παισί·

209 1532 279 1565 Iam
304 1542 387 1575 quae
412 1542 509 1565 causa
547 1532 589 1565 sit
614 1531 809 1576 interpolata
834 1532 1058 1580 quaerendum
1085 1535 1145 1566 est.
1197 1534 1305 1576 Atque
1332 1534 1510 1567 secundam

208 1595 244 1625 et
267 1591 398 1624 tertiam
422 1591 583 1634 genuinas
600 1600 676 1624 esse
692 1591 774 1624 Iolai
790 1582 937 1624 oratione
949 1591 1093 1624 lectitata
1109 1596 1252 1636 apparet,
1278 1593 1318 1625 ef.
1339 1595 1508 1627 205-13

208 1652 244 1697 et
269 1652 423 1683 214—9.
474 1650 584 1682 Prima
623 1660 753 1692 quoque
790 1650 934 1691 genuina
959 1653 1025 1691 est,
1067 1660 1144 1683 nam
1168 1651 1279 1684 Iovem
1316 1652 1511 1695 hospitalem

208 1718 338 1742 summa
362 1708 520 1750 religione
541 1716 565 1740 'a
591 1717 627 1741 se
652 1706 715 1740 coli
731 1708 920 1750 Demophon
946 1708 1043 1751 paulo
1059 1711 1174 1753 postea
1192 1710 1322 1752 saepius
1339 1711 1511 1743 confitetur

208 1755 349 1807 aza-258,
377 1769 458 1809 260,
487 1769 566 1801 264.
605 1767 681 1799 Huc
705 1766 801 1808 eadit,
827 1767 914 1809 quod
930 1766 1041 1801 Iolaus
1065 1768 1101 1800 in
1119 1768 1223 1811 prima
1248 1769 1402 1802 orationis
1418 1772 1509 1812 parte

209 1828 251 1861 de
277 1837 313 1861 se
340 1828 474 1870 suisque
500 1827 534 1859 in
559 1828 647 1860 hunc
671 1827 780 1869 ipsum
795 1827 929 1859 modum
953 1827 1094 1860 disserit·
1113 1828 1165 1870 (ef.
1187 1830 1329 1863 184—9
1356 1832 1391 1862 et
1410 1829 1507 1872 196):

211 1895 296 1927 sese,
321 1886 441 1928 quippe
465 1886 523 1928 qui
547 1886 646 1927 Argis
671 1885 802 1927 expulsi
828 1885 909 1929 sint,
949 1886 1016 1918 iam
1050 1893 1124 1918 non'
1149 1896 1224 1919 esse
1250 1888 1406 1928 Argivos,
1449 1888 1507 1920 sed

210 1941 334 1985 ξένους,
360 1954 489 1977 ararum
514 1943 616 1986 igitur
639 1943 802 1987 praesidio
827 1946 929 1977 tectos
954 1944 1106 1987 praeconi
1131 1955 1198 1978 non
1214 1945 1314 1979 Jicere
1340 1946 1507 1981 reducere.

210 2002 413 2046 Quamquam
450 2003 526 2036 inde
550 2013 570 2035 a
594 2012 693 2036 versu
722 2004 788 2036 191
828 2002 937 2035 Iolaus
963 2004 1097 2046 exponit
1121 2005 1343 2038 Athenienses
1382 2008 1509 2038 tantmn

290 2158 314 2194 ¹)
334 2157 451 2187 Interea
471 2155 722 2194 Khnkenbergius
741 2166 770 2194 p.
792 2156 830 2186 73
850 2157 916 2187 adn.
939 2157 956 2186 1
978 2165 1099 2187 versum
1112 2156 1217 2197 2423in
1232 2158 1434 2196 suspicionem
1455 2167 1507 2188 vo-

210 2206 293 2238 cavit
310 2207 424 2236 rectius
444 2206 586 2243 facturus,
608 2205 636 2235 si
656 2206 825 2235 accuratius
845 2206 879 2236 in
899 2206 980 2237 hunc
1001 2207 1104 2237 locum
1124 2207 1343 2246 inquisivisset.

289 2256 314 2294 ²)
334 2255 392 2285 Pro
412 2254 558 2284 librorum
578 2259 721 2293 συμφορᾶς
747 2264 816 2285 011111
836 2255 868 2285 F.
892 2255 925 2285 G.
947 2255 1116 2287 Schmidtio
1149 2266 1178 2294 p.
1200 2257 1238 2287 89
1259 2258 1290 2286 et
1309 2256 1507 2286 Herwerdeno

210 2315 239 2344 p.
259 2304 317 2336 208
339 2307 463 2341 συννοίας
483 2303 675 2334 scribendum
694 2306 749 2335 est.
1446 2302 1448 2304 ’
