1721 2783
806 80 850 111 16

274 193 308 236 2)
334 193 473 235 fortuna,
501 203 585 237 quae
611 203 683 227 eam
709 196 829 238 manet,
856 194 1044 237 coniugium
1070 198 1122 228 est
1145 205 1220 228 cum
1245 194 1315 228 viro
1340 188 1475 230 barbaro

174 253 365 297 ineundum,
390 254 478 296 quod
505 254 648 286 maxime
674 254 864 287 reformidat
890 253 1070 297 (294—7).
1476 288 1479 292 ,

270 312 368 344 Ν11110
399 313 536 345 demum
574 322 645 345 rem
677 313 795 344 miram
827 312 873 345 ita
905 312 1062 354 explicat,
1100 315 1138 345 ut
1162 313 1291 356 culpam
1329 313 1475 346 omnium

172 370 334 402 malorum
359 369 614 432 pulchritudini
629 380 706 403 suae
733 370 861 403 tribuat.
912 370 1035 403 Tamen
1067 371 1246 404 etiamnum
1275 370 1475 414 propesitum

172 429 344 472 retinetur,
369 439 449 462 nam
475 406 712 472 haechuoque
738 439 793 462 res
818 432 870 462 est
894 439 978 462 noxa
1004 429 1186 472 (303—5).

273 487 413 520 Paulum
451 498 647 530 progressus
685 489 721 520 in
759 489 848 521 chori
886 488 1087 521 oratiuncula
1125 489 1209 531 (317
1246 488 1330 531 sqq.)
1369 489 1473 522 haesi.

173 546 302 578 Versus
330 548 399 579 318
442 547 606 588 genetivis
630 547 801 579 abundans
826 547 1030 580 enuntiatum
1055 547 1231 580 relativum
1268 545 1290 592 ἢ
1315 546 1356 579 τὰ
1381 542 1472 580 πάντ’

175 601 349 638 ἐπίσταται
373 605 614 638 molestissime
641 606 785 647 seiungit
810 616 829 638 a
855 603 1002 651 Θεονόης
1026 606 1175 639 nomine:
1218 606 1349 648 penitus
1374 605 1475 638 velim

174 663 325 706 spiritum
343 663 454 704 (111008,
480 666 518 696 ut
534 674 593 707 per
619 664 826 697 enuntiatum
843 664 1018 698 relativum
1043 667 1141 707 atque
1165 674 1224 708 per
1240 667 1288 697 tot
1304 664 1473 707 genetivos

172 723 213 755 ad
235 733 355 756 nomen
373 723 484 765 ipsum
502 724 682 766 pervenias.
714 724 822 766 Atque
840 734 875 756 re
900 734 978 757 vera
1002 724 1188 757 necessario
1213 724 1307 767 plura
1324 720 1474 769 Θεονόης

174 782 299 813 1101111111
338 782 494 813 attributa
533 785 618 814 sunt.
676 782 891 814 Enuntiatum
929 783 1019 814 enim
1057 783 1231 815 relatin
1272 782 1474 814 vaticinandi

177 843 282 873 artem
308 840 431 883 optime
460 840 635 885 significat,
659 841 777 874 chorus
804 844 836 874 et
860 840 987 874 Helena
1012 841 1096 874 hanc
1121 841 1194 874 eius
1210 842 1314 874 artem
1340 840 1385 874 ita
1409 850 1475 873 11011

174 901 336 942 ignorant,
360 904 397 932 ut
422 900 512 932 unde
530 911 603 933 eam
620 901 783 942 acceperit
800 901 956 943 explicari
982 911 1063 943 opus
1079 911 1146 933 non
1164 902 1215 933 sit.
1249 901 1474 942 Interpolatori

174 959 235 989 1100
260 958 369 989 visum
394 967 460 989 non
486 960 553 997 est,
591 968 724 990 versum
752 960 821 991 318
860 957 995 990 addidit.
1046 958 1188 1000 Legerat
1213 958 1302 991 enim
1332 958 1416 990 hano
1441 960 1474 990 et

173 1017 372 1049 vaticinandi
398 1019 431 1049 et
455 1017 584 1059 pietatis
609 1017 819 1060 iustitiaeque
844 1017 1005 1059 originem
1030 1017 1082 1050 his
1098 1017 1179 1050 locis
1205 1017 1414 1050 declaratam:

326 1079 369 1110 13
398 1086 445 1119 sq.
909 1076 949 1109 τὰ
974 1075 1053 1110 θεῖα
1078 1076 1139 1121 γὰρ

462 1136 505 1168 τά
530 1131 556 1168 τ’
578 1134 659 1169 ὄντα
685 1136 740 1169 καὶ
766 1133 932 1181 μέλλοντα
958 1132 1051 1169 πάντ’
1079 1133 1239 1181 ἠπίστατο

175 1195 293 1236 explic.
320 1204 419 1226 versu
449 1197 492 1227 15

463 1251 627 1297 npcfbvoo
653 1251 806 1296 λαβοῦσα
831 1250 974 1298 Νηρέως
999 1252 1094 1297 τιμὰς
1119 1253 1221 1297 πάρα.

221 1313 314 1344 1002
343 1321 412 1353 sqq.
465 1310 569 1344 ἔνεστι
596 1308 626 1344 δ’
653 1309 740 1362 ἱερὸν
766 1316 825 1358 τῆς
851 1310 945 1356 δίκης
971 1309 1044 1356 ἐμοὶ
1070 1312 1154 1356 μέγα

462 1368 497 1402 ἐν
524 1367 565 1414 τῇ
593 1370 699 1413 φῦσει·

175 1428 310 1470 explic:

464 1486 521 1519 καὶ
546 1490 644 1519 τοῦτο
670 1483 814 1532 Νηρέως
839 1485 932 1531 πάρα

441 1535 443 1537 ’
463 1535 592 1591 ἔχουσα

175 1606 306 1637 inverso
333 1605 447 1637 ordine
472 1606 561 1637 idem
586 1606 708 1646 legitur
733 1616 763 1638 v.
793 1608 884 1638 1647
914 1615 1001 1646 sqq:

465 1658 534 1695 οὐδ’
559 1659 581 1708 ἡ
608 1661 693 1702 θεᾶς
718 1660 879 1709 Νηρῇδος
905 1660 1039 1705 ἔκγονος
1064 1663 1148 1707 κόρη

463 1720 573 1755 ἀδικεῖ
595 1718 623 1755 σ’
652 1719 783 1768 ἀδελφὴ
810 1719 940 1767 Θεονόη
966 1722 1008 1755 τὰ
1032 1727 1099 1755 τῶν
1124 1720 1217 1755 θεῶν

461 1787 590 1826 τιμῶσα
615 1782 741 1826 πατρός
766 1777 794 1814 τ’
821 1780 969 1822 ἐνδίκους
995 1779 1177 1821 ἐπιστολάς.

275 1840 336 1872 His
362 1843 476 1872 tamen
501 1840 581 1873 10018
607 1844 681 1883 apta
707 1844 758 1873 est
783 1841 923 1873 narratio
955 1840 1068 1882 plena,
1111 1849 1186 1871 cum
1211 1839 1245 1870 id
1268 1841 1396 1880 agatur,
1438 1840 1476 1870 ut

175 1899 280 1941 primo
310 1899 381 1930 1000
418 1901 617 1940 spectatores
655 1899 868 1942 edoceantur,
909 1899 1010 1931 altero
1049 1898 1199 1930 Theonoa
1236 1897 1381 1928 innatam
1411 1896 1475 1928 sibi

175 1958 333 1990 iustitiam
359 1958 582 2000 pietatemque
608 1961 758 2000 exponat,
784 1958 879 1991 tertio
906 1957 1169 1998 Theoclymenus
1188 1956 1336 1988 ‘iniustus
1361 1956 1401 1988 ab
1426 1955 1475 1987 ira

175 2020 208 2050 et
232 2017 351 2049 iniuria
377 2019 559 2050 revocetur.
610 2017 767 2050 Narratur
793 2027 923 2060 quoque
955 2018 1039 2050 bene
1064 2016 1117 2049 his
1133 2015 1222 2049 locis.
1273 2014 1389 2057 Neque
1413 2014 1475 2047 hoc

174 2087 283 2119 neque
308 2077 392 2109 illud
418 2076 454 2108 in
480 2086 614 2109 versum
641 2078 711 2109 318
751 2077 867 2109 cadere
899 2086 996 2119 supra
1027 2076 1147 2108 monui.
1198 2074 1314 2117 Neque
1340 2074 1476 2106 dubium

175 2135 259 2167 mihi
286 2139 347 2179 est,
373 2135 452 2177 quin
480 2144 522 2167 ex
547 2145 646 2168 versu
668 2137 759 2168 1647
787 2135 997 2178 interpolator
1023 2135 1215 2178 sapientiam
1239 2136 1406 2167 mutuatus
1424 2132 1476 2175 sit,

175 2195 277 2228 velim
303 2195 468 2227 conferas:

208 2251 211 2254 “
345 2256 414 2287 318
466 2257 526 2299 τῆς
551 2251 685 2293 ποντίας
711 2250 871 2298 Νηρῇδος
898 2251 1035 2295 ἐκγόνου
1060 2254 1165 2298 κόρης

322 2315 414 2345 1647
468 2308 539 2346 οὔδ’
563 2309 585 2357 ἡ
612 2310 697 2353 θεᾶς
723 2309 884 2358 Νηρῇδος
909 2311 1042 2355 ἔκγονος
1067 2312 1153 2357 κόρη
