1721 2775
814 14 894 74 ἑὲ.
1104 17 1107 21 .
1152 17 1170 21 ,,

173 154 370 192 mrsflom.
395 168 415 201 γ
441 151 598 198 412-45,
625 159 710 201 439,
735 159 818 198 442,
844 155 864 191 δ
893 159 962 191 181
990 166 1038 200 sq.
1088 156 1177 200 Ergo
1196 156 1326 197 Nestor,
1351 159 1505 200 quoniam

203 227 270 259 aex
293 217 356 251 filii
378 216 613 260 relinquuntur
637 226 702 250 uno
726 216 864 258 amisso,
900 213 1003 255 ἄπαις
1027 216 1095 250 dici
1119 227 1185 250 non
1208 219 1324 260 potest.
1374 216 1444 249 Iam
1469 220 1505 250 ut

202 287 339 318 omnem
363 276 597 310 dubitationem
621 285 840 317 amoveamuS,
875 274 1059 309 accuratius
1084 276 1125 309 de
1151 276 1305 309 vocabulo
1331 273 1431 317 ἄπαις
1455 277 1505 309 111-

202 335 386 378 quiremus.
411 335 592 368 Audiamus
608 334 649 367 H.
664 334 865 377 Stephanum
880 334 1116 377 explicantem:
1142 335 1225 379 ,sine
1240 335 1365 375 liberis,
1390 335 1504 368 liberis

200 404 331 436 mena,
356 395 410 428 cui
434 393 525 427 nulla
541 397 593 427 est
617 394 736 437 proles.
785 393 914 427 Dicitur
937 396 1048 427 autem
1080 397 1147 427 tam
1171 395 1213 427 de
1239 395 1281 427 iis
1312 394 1370 437 qui
1395 394 1504 427 nullos

206 462 353 496 unquam
377 453 561 486 habuerunt
586 462 684 495 quam
709 451 769 495 qui
792 451 992 486 amiserunt‘.
1026 453 1135 495 Atque
1160 452 1218 485 ille
1243 453 1504 495 lexicographus,

138 522 149 533 ·’
202 508 272 546 nisi
296 512 400 554 fallor,
426 512 475 545 sic
498 511 650 554 intellegi
674 512 761 545 vult:
802 511 869 555 ,qui
900 521 1039 546 omnes
1068 522 1151 556 quos
1177 512 1358 552 habuerant
1382 512 1504 546 liberos

198 568 406 606 amiserunt&
462 570 655 613 Euripidem
689 571 752 603 hac
789 571 916 603 ratione
953 571 1120 603 vocabulis
1158 568 1259 611 ἄπαις
1296 575 1331 604 et
1367 568 1504 609 ἄτεκνος

204 639 305 663 usum
329 639 404 663 esse
429 629 581 662 omnibus
606 629 767 662 eiusmodi
791 628 873 662 locis
905 629 1100 662 examinatis
1131 628 1260 670 inveni,
1291 629 1462 672 paululum
1485 639 1504 662 a

204 698 283 722 vero
308 688 353 721 ita
377 687 541 729 recedere,
566 690 604 720 ut
628 698 667 721 ea
692 697 831 731 persona
855 687 935 731 ipsa,
962 697 1045 731 quae
1070 688 1256 731 complures
1281 688 1404 721 liberos
1421 688 1504 721 ami-

165 787 167 789 ,
190 748 296 791 serit,
321 757 450 780 summo
474 744 592 781 dolore
609 748 734 789 affecta,
759 748 795 780 in
820 750 958 789 questus
982 748 1201 790 lacrimasque
1225 748 1339 788 effusa,
1364 748 1504 780 amissos

200 808 272 839 toto
303 806 412 838 animo
442 805 613 848 complexa
639 805 743 846 ..unius
780 805 841 837 filii
878 805 986 839 relicti
1026 805 1094 848 (aut
1119 806 1219 839 unius
1243 805 1331 839 filiae
1356 804 1502 848 relictae)

200 864 415 897 obliviscatur
438 864 549 906 itaque
574 860 702 896 ἄπαιδα
728 873 765 897 se
790 864 885 896 dicat.
937 864 993 897 Sic
1023 864 1175 905 Hecuba,
1205 875 1281 896 cum
1311 863 1349 897 in
1381 874 1420 897 eo
1451 866 1504 897 est

205 926 243 955 ut
274 922 443 964 Polyxena
475 922 621 966 orbetur,
651 922 808 963 Polydori
839 922 939 955 oblita
969 922 1063 954 illam
1094 923 1258 955 obsecrat:
1298 922 1389 965 (Hec.
1417 922 1502 964 440)

200 981 251 1027 μὴ
277 979 379 1025 λίπῃς
405 976 441 1026 μ’
470 976 598 1015 ἄπαιδ’.
648 980 831 1013 Cassandra
856 982 946 1014 enim
971 983 1006 1013 et
1029 981 1066 1013 in
1090 981 1226 1014 Hecuba
1252 984 1286 1014 et
1310 981 1346 1013 111
1372 980 1503 1013 Troadi-

18 1050 30 1060 *
90 1045 92 1047 '
159 1075 165 1077 ,
201 1039 276 1080 bus,
301 1049 499 1081 quamquam
522 1039 613 1079 vivit,
638 1039 674 1070 111
698 1039 894 1071 amissorum
917 1039 1096 1072 liberorum
1112 1049 1258 1079 numero,
1284 1049 1359 1071 cum
1385 1039 1503 1081 paelex

202 1085 462 1140 Agamemnonis
488 1097 541 1141 sit,
565 1097 606 1129 ab
631 1097 766 1130 Hecuba
790 1100 824 1130 et
846 1097 923 1131 aliis
948 1097 1096 1130 habetur.

306 1156 391 1189 Satis
421 1154 509 1189 bene
534 1155 705 1189 Theonoae
738 1156 900 1189 orationes
929 1154 1072 1189 falsariis
1103 1157 1303 1189 restiterunt.
1354 1157 1503 1188 Primum

202 1215 408 1257 Hartimgius
424 1214 542 1258 prioris
552 1214 706 1248 orationis
718 1215 911 1256 clausulam,
936 1225 966 1248 v.
982 1217 1052 1249 892
1068 1225 1128 1258 sq,
1153 1215 1236 1258 (Iph.
1249 1215 1323 1248 AuL
1337 1226 1369 1258 p.
1380 1217 1426 1249 42
1442 1214 1503 1259 sq.)

74 1316 88 1321 ῃ
200 1274 343 1314 delevit,
381 1274 422 1306 cf.
448 1274 548 1306 etiam
572 1273 801 1308 WilamowitZ.
825 1284 877 1305 an.
902 1273 940 1306 Ε.
965 1284 996 1316 p.
1025 1276 1105 1307 243.
1156 1274 1303 1306 Alteram
1328 1274 1504 1316 interpola-

0 1348 31 1376 μ»
203 1333 328 1365 tionem
352 1332 602 1374 Dingelstadius
619 1331 648 1375 1)
674 1342 705 1375 p.
724 1334 771 1366 54
796 1332 929 1365 notavit.
969 1331 1033 1372 Qui
1056 1341 1213 1365 versuum
1236 1334 1308 1366 880
1331 1342 1379 1375 sq.
1404 1333 1503 1366 verba

49 1387 51 1389 ’
202 1388 227 1436 ἥ
255 1401 308 1424 σοι
333 1390 500 1436 δυσμενὴς
524 1389 690 1435 πάροιθεν
714 1387 768 1436 ἧν,
794 1394 851 1425 νῦν
877 1389 963 1424 ἐστιν
989 1394 1023 1424 et
1046 1387 1105 1424 mi
1130 1391 1218 1434 quod
1242 1394 1350 1425 exstat
1372 1392 1407 1424 in
1431 1389 1503 1430 κείς

198 1449 363 1491 proscribi
387 1450 487 1489 iubet,
512 1451 550 1481 ut
573 1449 655 1482 haec
680 1451 806 1481 tantum
831 1449 1078 1491 relinquantur:

454 1502 551 1551 ⁶pr
575 1503 637 1552 μὲν
662 1502 776 1545 εὔνους
801 1503 846 1547 εἰς
870 1507 1000 1550 πάτραν
1025 1511 1134 1551 σῷσαι
1157 1503 1253 1540 θέλει

203 1566 248 1599 de
273 1577 337 1608 qua
361 1577 398 1599 re
425 1566 473 1599 sic
497 1568 759 1608 argumentatur:
788 1576 960 1609 ,nusquam
984 1566 1075 1600 enim
1099 1566 1136 1598 in
1157 1567 1219 1599 hac
1234 1566 1401 1608 tragoedia
1420 1566 1503 1599 Iuno

204 1625 356 1658 Menelao
381 1625 499 1658 infesta
524 1625 722 1667 perhibetur,
749 1625 807 1658 sed
831 1626 872 1658 ab
896 1625 990 1658 initio
1007 1626 1153 1668 partibus
1169 1626 1243 1658 eius
1259 1626 1364 1658 favet‘.
1401 1625 1503 1658 Recte

5 1721 14 1725 ⁷,
204 1684 289 1717 illud
314 1684 465 1728 quidem,
490 1684 594 1717 multo
618 1687 729 1718 autem
753 1684 888 1727 gravius
913 1687 978 1726 est,
1011 1685 1098 1727 quod
1122 1685 1206 1717 illud
1230 1685 1369 1718 Iunonis
1394 1685 1504 1717 odium

6 1737 80 1775 {sk}
203 1753 225 1775 a
249 1746 316 1776 toto
340 1743 402 1775 1100
426 1743 497 1776 1000
521 1743 666 1776 alienum
691 1746 751 1776 est.
801 1743 866 1776 Hic
891 1743 980 1776 enim
1005 1754 1073 1776 11011
1102 1754 1167 1786 quo
1197 1744 1307 1777 animo
1338 1753 1429 1776 1111110
1460 1744 1504 1776 sit

93 1800 95 1802 ’
203 1804 239 1834 et
265 1811 329 1843 quo
355 1803 453 1834 antea
477 1801 593 1834 eadem
619 1811 698 1843 erga
723 1811 800 1834 eum
824 1801 924 1834 fuerit
949 1802 1137 1843 opponitur,
1170 1802 1229 1834 sed
1253 1802 1335 1834 Iuno
1366 1802 1504 1844 propitia

204 1859 345 1892 infestae
370 1859 511 1903 Veneri,
543 1869 682 1902 quarum
706 1859 810 1892 altera
834 1863 872 1892 ut
897 1863 1043 1893 sermoet
1067 1870 1142 1893 eum
1169 1870 1372 1902 uxoremque
1397 1860 1504 1893 elabo-

205 1918 316 1961 rabat,
345 1917 447 1950 altera
472 1920 509 1949 ut
533 1918 702 1959 perderet:
743 1928 882 1960 quarum
907 1928 982 1950 oum
1007 1921 1125 1951 neutra
1149 1919 1255 1951 adhuc
1280 1919 1442 1959 effecerit,
1467 1921 1503 1950 ut

204 1979 262 2009 aut
286 1985 423 2018 prorsus
449 1979 594 2009 servaret
618 1979 674 2009 aut
698 1986 834 2018 prorsus
866 1976 1036 2019 perderet,
1069 1987 1108 2010 eo
1139 1987 1227 2010 1111110
1257 1987 1312 2010 res
1345 1977 1503 2020 pervenit,

206 2037 244 2066 ut
268 2037 342 2066 utra
366 2034 498 2067 tandem
522 2035 641 2067 victrix
666 2035 812 2068 discedat
836 2035 898 2068 hoc
922 2036 994 2078 ipso
1018 2038 1164 2078 tempore
1189 2039 1344 2079 appareat
1366 2046 1502 2069 necesse

206 2093 259 2125 sit.
310 2092 381 2126 Hoc
415 2093 516 2135 igitur
551 2096 771 2134 momentum,
809 2104 874 2136 quo
911 2097 967 2127 aut
1008 2095 1097 2128 salus
1129 2097 1186 2128 aut
1215 2095 1369 2128 interitus
1403 2095 1502 2134 venit,

206 2152 416 2194 interpolator
442 2153 504 2185 sibi
530 2153 671 2195 sumpsit
696 2152 926 2195 explicandum
952 2163 1062 2196 neque
1088 2155 1193 2188 sensit
1224 2155 1260 2187 in
1291 2155 1362 2197 ipsa
1393 2164 1503 2187 rerum

263 2298 265 2300 -
287 2278 308 2314 ¹)
329 2277 374 2307 De
395 2277 465 2307 Eur.
486 2277 611 2315 Helena,
633 2278 751 2307 dissert.
770 2277 897 2308 Monast.
919 2278 1004 2308 1865.
