1721 2783
869 63 914 95 38
1330 55 1353 69 ⁴

229 178 282 209 ter
321 177 406 209 hanc
430 187 503 210 rem
527 178 755 219 inveniemus,
793 179 853 212 hos
878 182 988 212 autem
1012 179 1103 221 ipsos
1138 181 1207 211 tres
1231 177 1321 210 locos
1345 160 1514 219 perseum

230 235 325 276 quasi
350 235 462 277 legem
479 236 653 278 quandam,
680 246 764 280 quae
781 237 868 270 ultro
885 246 1015 280 quoque
1041 246 1078 269 se
1095 236 1200 278 offert,
1223 234 1426 274 habebimus,
1450 231 1540 266 unde

229 293 372 326 alienam
398 304 474 327 esse
513 295 554 327 ab
587 295 648 328 hoc
675 296 809 338 epilogo
846 305 920 329 eam
945 295 1089 329 insulam
1113 296 1211 337 patet.
1262 292 1348 326 Sunt
1371 294 1481 326 autem

229 351 294 383 loci
320 352 536 394 inspiciendi:
578 352 632 385 Or.
662 355 843 397 1643—7,
881 354 932 386 El.
963 355 1143 393 1273—5,
1174 352 1245 394 Iph.
1271 350 1308 383 T.
1337 352 1504 384 1449--5

231 408 379 451 Quorum
405 410 470 444 duo
495 411 622 454 priores
648 411 690 445 de
716 412 832 446 eadem
856 422 893 446 re
921 411 1073 458 similiter
1097 412 1320 455 praemonent,
1344 408 1387 442 de
1412 407 1541 443 Orestio
1593 436 1652 460 35*

229 470 347 511 oppido
364 470 523 503 Arcadico
548 471 590 502 ad
608 470 735 504 Orestis
752 472 868 504 exsilii
884 472 1077 504 memoriam
1102 471 1143 503 ab
1157 470 1273 503 eodem
1290 467 1541 506 denominando,
1594 460 1616 483 '²

231 527 350 560 tertius
388 530 501 561 autem
525 529 685 572 praecipit
722 529 765 562 de
803 529 927 573 templo
956 529 1081 562 Dianae
1106 527 1305 570 Tauropolae
1316 526 1343 569 1)
1371 527 1409 559 in
1433 523 1542 558 Attioa'
1596 517 1657 574 5233

228 586 269 617 ad
296 585 423 619 Orestis
449 587 486 619 in
512 587 638 620 Tauros
664 588 803 630 profecti
830 588 1024 621 memoriam
1048 586 1250 620 aedificando
1287 583 1548 618 denominandoe

229 655 295 686 que
320 647 361 677 ab
387 646 448 678 hac
474 647 544 678 dea.
598 647 707 688 Atque
749 647 810 679 hac
848 647 884 678 in
909 657 946 679 re
971 649 1039 679 tres
1082 647 1123 679 de
1150 646 1271 688 quibus
1308 644 1440 689 agimus
1476 643 1540 676 loci

229 707 446 744 congruunt„
475 705 563 746 quod
589 705 716 737 nullius
742 705 888 746 regionis
926 707 983 737 aut
1014 704 1105 737 urbis
1129 705 1379 736 monumentum
1410 701 1540 745 proprie
1606 687 1656 733 ἴθ’

228 762 422 805 appellando
463 763 663 805 praedicitur
688 763 891 796 celebratum
921 762 965 796 iri
996 763 1064 796 nisi
1089 763 1161 796 eius
1186 762 1347 804 regionis,
1389 770 1473 803 quae
1498 760 1541 793 ad
1631 776 1653 825 Ξ

230 821 360 853 fabulae
385 824 617 863 argumentum
643 824 778 864 spectet,
803 821 838 853 id
851 822 938 864 quod
963 821 998 853 in
1014 819 1086 863 Iph.
1105 821 1140 853 Τ.
1166 820 1295 863 epilogo
1319 820 1394 852 luce
1419 819 1539 852 clarius
1613 838 1656 855 η.

234 883 297 923 est,
322 880 358 912 in
384 879 438 913 Or.
466 883 500 914 et
524 880 575 914 El.
603 881 760 925 epilogis,
786 891 863 913 cum
886 881 1002 913 matris
1027 880 1161 914 caedem
1187 879 1216 912 si
1240 878 1325 912 nihil
1348 878 1455 919 aliud,
1482 880 1547 912 ex-‘

230 938 345 971 silium
371 948 510 972 necesse
536 940 580 972 sit
599 942 764 982 sequatur,
789 939 886 971 facile
903 940 1120 981 cognoscitur.
1170 939 1286 971 Restat
1301 938 1395 971 locus
1421 938 1540 970 similis
1632 962 1649 987 11

229 999 399 1030 extremae
425 998 579 1031 Hecubae
604 997 743 1041 fabulae,
769 1007 801 1030 V.
825 999 993 1031 1259—7
998 999 1028 1031 3.
1079 997 1128 1030 Ibi
1153 997 1360 1038 Polymestor
1383 996 1536 1030 Hecubae
1623 994 1659 1022 “T

229 1056 266 1087 in
291 1065 407 1088 canem
433 1056 612 1088 mutandae
631 1056 823 1098 sepulcrum
848 1055 950 1095 κυνὸς
966 1052 1125 1100 ταλαίνης
1149 1059 1242 1100 σῆμα
1266 1055 1471 1087 nominatum
1495 1055 1537 1087 iri
1632 1058 1647 1073 Ψ

228 1114 431 1147 vaticinatur.
483 1114 554 1147 Iam
579 1125 656 1147 cum
682 1124 801 1148 scaena
832 1116 867 1148 et
890 1114 1018 1147 fabulae
1044 1116 1079 1148 et
1104 1113 1396 1160 μεταμορφώσεως
1421 1112 1537 1147 eodem

228 1173 300 1204 loco
326 1173 378 1214 (cf.
405 1183 435 1204 v.
465 1161 570 1206 1259
589 1183 670 1214 sqq.,
709 1173 843 1214 hypoth.
869 1173 886 1204 I
911 1173 1004 1214 (ch.
1033 1172 1068 1214 3)
1094 1183 1125 1214 p.
1155 1175 1222 1205 138
1250 1173 1271 1204 l.
1301 1175 1343 1205 11
1373 1172 1433 1213 sq.)
1459 1182 1536 1204 con·
1566 1217 1569 1219 v

228 1231 383 1263 stituatur
420 1233 519 1273 atque
545 1231 607 1263 hac
632 1230 787 1264 Hecubae
813 1230 1073 1276 μεταμορφώσει
1097 1232 1131 1263 et
1161 1232 1269 1263 morte
1294 1230 1387 1273 quasi
1426 1229 1536 1262 exitus

229 1289 364 1331 quidam
389 1289 490 1322 totius
516 1289 645 1322 fabulae
672 1289 887 1330 contineatur,
913 1289 1013 1329 κυνὸς
1037 1286 1196 1335 ταλαίνης
1222 1293 1315 1335 σῆμα
1338 1299 1415 1322 cum
1439 1288 1534 1331 argu-

226 1350 338 1380 mento
364 1347 494 1380 fabulae
518 1348 614 1390 plane
632 1348 791 1381 cohaeret.
841 1349 951 1390 Atque
976 1357 1013 1380 re
1038 1357 1115 1380 vera
1138 1348 1220 1380 ratio
1244 1348 1307 1380 hoc
1322 1348 1473 1390 postulat,
1497 1351 1535 1380 ut

227 1407 269 1440 de
291 1408 391 1440 rebus
417 1407 459 1439 ad
484 1417 556 1440 rem
581 1407 823 1449 pertinentibus
848 1409 943 1449 poeta
968 1407 1134 1450 loquatur,
1172 1416 1240 1440 non
1265 1406 1307 1440 de
1333 1406 1534 1450 quibuslibet

226 1465 311 1497 aliis.
364 1464 470 1506 Quare
497 1465 625 1499 Helena
651 1465 768 1506 insula,
795 1466 916 1508 quippe
943 1476 1026 1508 quae
1051 1466 1091 1498 ab
1108 1468 1301 1507 argumento
1325 1465 1453 1500 fabulae
1478 1466 1534 1498 ab·

226 1523 367 1567 horreat,
392 1524 471 1557 ferri
497 1524 621 1567 nequit.
665 1524 769 1557 Multo
794 1534 876 1557 vero
901 1525 1009 1567 aptius
1034 1525 1076 1558 de
1093 1525 1236 1567 Aegypti
1252 1535 1317 1565 ora,
1342 1525 1401 1557 ubi
1417 1534 1533 1558 scaena

222 1582 355 1615 ‘fabulae
375 1585 435 1623 est,
462 1582 590 1625 aliquid
615 1583 680 1615 tale
698 1583 873 1624 legeretur.
924 1583 963 1615 Id
988 1586 1099 1615 tamen
1114 1583 1289 1625 Euripides
1314 1583 1442 1616 tradere
1466 1593 1533 1616 non

226 1641 341 1684 potuit,
367 1644 538 1684 propterea
578 1641 665 1685 quod
692 1642 821 1675 nullum
846 1642 991 1686 Aegypti
1016 1642 1170 1686 oppidum
1183 1642 1241 1675 tali
1265 1642 1398 1676 nomine
1423 1642 1533 1686 appel-

225 1700 332 1733 latum
357 1701 429 1733 fuit.

308 1836 332 1872 ι)
353 1835 450 1865 Prava
471 1835 523 1864 illa
546 1835 667 1873 quidem
689 1835 882 1873 etymologia,
903 1836 956 1865 sed
978 1835 1098 1865 Graecis
1119 1835 1216 1872 solita,
1251 1836 1287 1866 ef.
1309 1835 1528 1873 Preller-Plew,

226 1893 271 1922 gr.
293 1884 419 1922 mythol.
444 1883 522 1914 1872
543 1883 559 1913 Ι
580 1893 609 1921 p.
632 1883 689 1914 251
711 1893 756 1922 sq.
