1721 2783
815 71 862 103 24

186 186 382 219 condicione
408 188 541 227 totoque
565 185 696 219 fabulae
726 188 813 219 statu
838 186 1005 229 praesenti
1029 186 1092 219 hoe
1116 196 1191 220 esse
1207 186 1359 230 positum.
1392 167 1519 230 Equi-’²'

185 245 262 277 dem
286 254 345 285 pro
370 240 442 280 κείς
467 253 534 288 non
560 240 608 280 εἰς
634 244 693 276 sed
719 238 753 276 ἐτ’
782 241 830 284 εἰς
856 244 975 284 scribo,
1012 245 1237 277 necessarium
1261 245 1352 278 enim
1376 254 1498 278 censeo
1549 273 1583 295 ‚4
1615 281 1618 285 ,

186 311 261 334 esse
288 298 328 334 σὲ
354 301 528 341 obiectum,
554 300 609 333 cui
635 299 693 339 ξὺν
718 297 792 346 τῇδ’
820 301 1024 343 adiungatur.

285 360 434 394 Helenae
461 361 496 393 et
522 360 665 393 Menelai
692 361 864 402 orationes,
897 361 1018 403 quibus
1044 361 1187 394 salutem
1211 372 1230 394 a
1256 361 1410 397 Theonoa
1434 362 1496 394 im-

186 423 331 462 petrant,
364 418 583 461 interpolandi
616 419 822 451 occasionem
847 419 980 452 dedisse
1006 419 1085 451 satis
1110 419 1253 462 amplam
1277 419 1404 452 mirum
1429 428 1496 452 non

187 481 247 511 est.
287 477 423 510 Etenim
448 480 542 519 poeta
568 478 610 510 ad
635 477 728 510 illam
754 478 1021 511 commovendam
1044 481 1240 520 argumenta
1263 478 1398 510 adhibet
1422 488 1497 519 gra-

187 536 336 575 vissima,
361 535 574 577 interpolator
599 535 727 567 minora
752 536 942 578 levioraque
967 536 1057 568 addit
1080 539 1138 568 aut
1163 546 1247 578 quae
1264 538 1362 580 poem
1378 536 1497 568 astrin-

187 597 282 627 xerat
307 597 410 636 atque
435 594 547 626 nervis
572 594 763 637 aculeisque
791 595 1003 637 instruxerat,
1029 595 1228 638 plerumque
1253 594 1431 638 repetendo
1448 594 1498 627 di-

187 654 276 694 latat,
301 654 401 696 laxat,
427 656 571 693 enervat,
597 654 773 686 delumbat.
825 655 1030 688 Accedamus
1062 655 1103 687 ad
1128 655 1277 688 Helenae
1306 655 1493 692 orationem.

187 712 324 745 Initium
350 711 513 755 purgandi
538 711 743 754 Hartlmgius
769 712 857 754 fecit,
884 713 941 756 qui
966 723 1085 747 versus
1104 715 1249 748 903-8
1276 713 1317 746 ab
1334 713 1498 755 aretalogo

189 772 329 813 quodam
354 771 517 813 profectos
542 771 578 802 in
602 771 674 813 Iph.
700 771 775 803 Aul.
804 782 833 814 p.
853 774 901 807 30
918 782 966 814 sq.
994 772 1178 804 damnavit:
1205 772 1296 804 idem
1322 773 1498 804 sensenmt

189 830 226 864 G.
252 829 454 871 Dindorfius,
480 829 670 863 Badhamus
697 830 744 873 (in
769 833 943 863 comment.
969 841 1000 873 p.
1023 830 1089 874 12),
1140 830 1319 863 Nauckius.
1369 829 1498 862 Deinde

188 899 307 922 versus
335 892 405 923 912
426 900 475 932 sq.
502 900 579 922 cum
604 888 753 922 Nauckio
778 890 882 923 deleo.
912 879 914 881 ¹
934 890 998 923 Sed
1024 900 1067 923 ne
1094 890 1183 932 quis,
1216 900 1292 922 cum
1326 889 1500 931 sagacissi-

191 959 267 982 mus
293 949 351 981 ille
379 949 514 991 quidem
540 949 674 981 criticus
702 949 760 981 sed
790 949 827 981 111
861 950 1084 991 suspicionem
1114 959 1237 992 pronus
1267 948 1412 981 rationes
1444 958 1500 981 su-

191 1008 375 1050 spicionum
400 1007 552 1048 pluribus
577 1006 612 1038 in
637 1006 758 1039 fabulis
777 1025 824 1031 —
853 1007 960 1039 studia
992 1007 1065 1040 eius
1096 1007 1275 1049 Euripidea
1306 1008 1348 1039 ad
1378 1017 1498 1040 novem

191 1070 319 1098 tantum
345 1065 472 1097 fabulas
499 1067 648 1107 spectant
674 1084 720 1088 —
747 1065 885 1099 reddere
911 1066 1065 1109 noluerit,
1089 1066 1286 1099 temeritatis
1303 1076 1357 1098 me
1374 1068 1499 1107 arguat,

192 1125 313 1168 quibus
340 1125 449 1157 causis
474 1125 546 1167 ipse
579 1125 620 1156 ad
646 1135 703 1157 eos
735 1135 853 1158 versus
886 1125 1053 1158 eiciendos
1082 1123 1229 1158 adducar
1261 1125 1499 1158 demonstrabo.
1530 1120 1533 1121 ⁷

191 1183 321 1216 Helena
347 1183 499 1215 versibus
527 1185 647 1216 909-
654 1185 697 1216 18
726 1183 915 1216 Theonoam
939 1184 1062 1226 pietate
1088 1184 1129 1216 ad
1154 1184 1344 1217 Menelaum
1370 1193 1502 1217 servan

192 1242 273 1274 dum
297 1242 388 1282 adigi
413 1242 534 1274 debere
567 1242 671 1274 docet.
722 1241 801 1274 Tale
832 1245 944 1274 autem
975 1245 1225 1284 argumentum,
1257 1243 1354 1284 quale
1386 1228 1503 1275 versus

181 1296 265 1333 ‘912
285 1310 332 1342 sq.
360 1300 517 1342 praebent
544 1302 590 1340 ,ut
615 1299 743 1333 Helena
768 1300 862 1333 reddi
887 1301 1007 1343 possit,
1041 1301 1100 1343 qui
1124 1304 1320 1343 accepturus
1347 1301 1389 1333 sit
1414 1301 1503 1334 vivat

194 1363 246 1392 est
271 1360 419 1392 necesse‘
446 1369 466 1390 a
491 1362 558 1391 tota
582 1359 644 1391 hac
669 1359 815 1392 oratione
842 1363 893 1392 est
917 1360 1072 1392 alienum
1113 1360 1231 1402 Neque
1257 1361 1348 1392 enim
1373 1360 1407 1391 id
1432 1360 1501 1401 agi·-

193 1422 264 1458 ‘tur,
298 1428 362 1460 qua
388 1418 579 1451 condicione
604 1421 661 1450 aut
686 1417 813 1451 ratione
838 1418 896 1450 illa
920 1418 1014 1451 reddi
1039 1418 1156 1461 possit,
1182 1429 1259 1451 nam
1283 1419 1344 1451 hac
1369 1429 1405 1452 re
1431 1418 1502 1462 ipsa

195 1478 316 1510 debere
342 1477 577 1509 concederetur
603 1476 792 1509 Theonoam
823 1478 970 1510 reddere.
1023 1478 1088 1510 Sed
1120 1478 1154 1509 id
1186 1479 1295 1520 ipsum
1325 1488 1414 1510 nunc
1445 1479 1503 1511 de-

194 1537 297 1569 mum'
311 1535 494 1576 disseritur,
521 1538 633 1568 utrum
658 1535 775 1568 debeat
800 1535 937 1568 reddere
954 1545 1067 1569 necne.
1098 1535 1227 1569 Versus
1246 1536 1347 1577 igitur
1367 1538 1436 1569 912
1452 1546 1501 1579 sq.

194 1595 260 1628 tale
293 1594 453 1627 exhibent
484 1597 733 1637 argumentum,
772 1597 809 1626 ut
847 1595 1069 1627 confirmanda
1101 1604 1155 1627 res
1186 1595 1302 1627 eadem
1331 1605 1368 1627 re
1395 1595 1502 1627 subito

196 1664 254 1697 pro
280 1657 369 1686 certo
395 1654 499 1695 posita
525 1654 749 1686 confirmetur!
789 1653 958 1685 Sententia
982 1656 1092 1686 autem
1118 1654 1237 1685 horum
1262 1663 1419 1686 versuum
1444 1663 1505 1695 per

198 1723 234 1746 se
260 1713 332 1755 ipsa
358 1712 452 1745 cadit.
486 1712 620 1745 Etenim
648 1712 676 1744 si
702 1715 851 1745 mortuus
878 1711 1060 1755 (Menelaus
1078 1712 1337 1755 interficiendus)
1364 1722 1502 1746 uxorem

196 1773 344 1814 accipere
370 1782 436 1804 non
461 1775 580 1814 potest,
604 1772 640 1803 id
666 1772 754 1814 quod
780 1772 879 1804 etiam
892 1781 951 1814 per
961 1769 1182 1813 ταυτολογίαν
1198 1773 1283 1814 (912
1292 1772 1504 1815 a2-912b3)

197 1831 434 1874 pronuntiatur,
462 1831 519 1873 qui
544 1834 651 1873 potest
676 1831 758 1871 fieri,
784 1834 821 1863 ut
847 1831 986 1863 Proteus
1013 1830 1097 1873 (912
1115 1830 1238 1874 κεῖνος)
1265 1841 1301 1863 re
1324 1841 1401 1864 vera
1418 1841 1505 1864 mor-

197 1894 275 1923 tuus
300 1890 436 1923 reddat?
475 1890 515 1922 cf.
543 1890 643 1922 etiam
668 1901 698 1922 v.
727 1892 808 1924 965.
861 1890 929 1923 Suo
961 1890 1063 1931 igitur
1095 1890 1201 1932 ipsius
1226 1893 1419 1932 argumento
1445 1890 1505 1922 fal-

199 1950 305 1982 sarius
338 1959 373 1982 se
413 1949 599 1982 confutavit.
652 1949 856 1982 Sententiam
893 1949 998 1992 ipsam
1037 1952 1195 1989 ,mortuus
1236 1959 1335 1991 agere
1378 1949 1504 1991 nequit‘

198 2008 287 2039 haud
313 2008 412 2039 dubie
440 2008 582 2049 sumpsit
607 2018 651 2039 ex
676 2007 734 2039 illo
760 2018 859 2040 versu
875 2010 956 2047 965,
983 2017 1048 2049 quo
1073 2008 1144 2039 loco
1170 2008 1366 2049 (959—68)
1392 2008 1505 2040 Mene-

198 2066 271 2099 laus
296 2066 413 2099 Protea
439 2070 606 2100 mortuum
632 2077 729 2100 orans
759 2069 858 2110 atque
889 2067 1064 2100 obsecrans
1091 2066 1277 2100 Theonoam
1309 2067 1504 2110 gravissime

199 2127 330 2167 pietatis
356 2129 391 2158 et
416 2127 514 2158 officii
539 2127 704 2159 admonet.
749 2127 800 2158 Ibi
825 2127 927 2167 igitur
952 2126 1035 2159 haec
1044 2136 1115 2159 ·res
1139 2127 1233 2159 vivae
1258 2127 1345 2159 filiae
1371 2127 1505 2168 egregie

200 2187 276 2217 ante
301 2185 412 2217 oculos
437 2185 645 2229 proponitur,
680 2185 735 2217 hic
761 2186 844 2227 (912
865 2184 926 2229 sq.)
962 2185 1004 2218 ad
1042 2185 1210 2218 neminem
1248 2189 1402 2227 agentem
1439 2185 1505 2228 nisi

200 2248 367 2277 mortuum
393 2244 426 2287 (Σ)
455 2248 605 2287 spectans
631 2245 759 2287 puerile
784 2245 1025 2288 interpolatoris
1050 2245 1222 2287 ingenium
1247 2245 1362 2288 prodit.

301 2303 365 2336 Sed
392 2303 537 2336 nondum
563 2307 734 2346 purgatam
760 2304 904 2346 legimus
921 2303 1007 2337 hanc
1024 2304 1220 2337 orationem:
1248 2303 1415 2337 nonnullis
1433 2312 1506 2336 ver-
