1721 2783
137 182 152 214 Σ
194 176 301 225 esset,
336 184 521 217 accuratius
546 183 731 217 describere
762 184 878 225 vellet,
912 184 1112 227 promissum
1136 183 1208 216 eius
1234 181 1414 228 σιγήσομαι
1451 193 1495 217 ex

141 231 148 238 ⁸
196 243 418 276 versu¹1023
445 242 665 285 praesumpsit
689 242 863 285 verbisque
888 251 1006 275 versus
1032 241 1172 285 spatium
1197 241 1349 285 explevit.

294 298 421 333 Versus
460 293 626 334 Low—6
640 300 667 343 1)
701 300 738 335 G.
764 297 961 346 Dindorfius]
977 303 1011 334 et
1047 302 1138 334 1008
1174 300 1362 332 Badhamus
1404 302 1494 332 recte

194 357 333 392 eiecisse
358 358 440 391 mihi
464 359 627 391 videntur.

293 416 440 451 Helenae
455 416 582 450 fabulae
599 416 781 450 orationum
793 427 912 459 agmen
929 416 1161 450 Dioscurorum
1178 414 1310 463 ἐπιφάνε
1316 426 1351 450 ια
1363 414 1493 449 claudit.

65 455 90 477 ”⁴
130 468 136 484 ³
191 474 299 509 Cuius
334 476 370 508 in
394 476 503 509 locum
528 476 723 509 coniecturis
760 476 874 508 multis
905 478 1115 518 temptam›
1151 486 1180 508 V·
1210 477 1305 509 167⁰
1332 485 1412 517 sqq*
1444 476 1495 507 in*

135 1316 141 1321 ,
191 1303 358 1336 pungens:

194 534 332 576 quiram.
383 533 470 574 Quid
494 534 557 566 viri
581 534 686 566 critici
717 534 755 567 in
781 534 983 567 emendando
1015 534 1226 576 profecerint,
1262 534 1410 566 *breviter
1435 543 1492 566 ex—

195 601 316 634 ponere
341 592 454 633 liceat,
493 592 572 634 quid
597 591 668 634 ipse
693 592 770 625 novi
793 592 961 625 invenisse
986 592 1068 624 mihi
1092 591 1205 625 videar
1229 591 1357 624 addere.
1408 591 1494 624 Rau-

195 649 421 682 chensteinius
460 650 583 692 (philol.
615 649 714 682 XXII
738 660 768 693 p.
796 649 878 692 201)
911 650 951 682 in
990 652 1088 682 versu
1118 651 1227 690 1670,
1270 659 1346 682 cum
1377 646 1494 693 ὁρίζειν

195 709 252 741 aut
277 707 471 748 ,terminare‘
497 710 553 753 aut
578 710 740 749 ,statuere‘
765 710 821 741 aut
850 709 1018 751 ,separare‘
1046 708 1235 749 significans
1265 707 1307 740 ad
1331 717 1403 740 rem
1428 717 1493 740 non

197 767 241 798 sit
264 769 375 809 aptum
399 776 507 809 neque
542 777 618 799 cum
644 767 818 800 Matthiaeo
850 767 915 808 ,ubi
946 770 980 800 te
1005 767 1191 799 Mercurius
1216 766 1384 799 constituit
1409 765 1493 808 (11111-

196 823 327 868 8161116γ
353 825 502 867 intellegi
515 825 629 868 possit,
654 827 742 858 recte
769 825 816 858 816
841 825 969 858 scribit:
996 821 1031 859 οἵ
1053 821 1082 858 δ’
1102 821 1247 870 ὦρμισὲν
1261 834 1299 857 σε
1326 825 1346 857 1.
1364 834 1392 857 6.
1419 835 1493 867 ,quo

195 887 229 917 te
253 884 422 933 transtulit
447 883 493 926 (in
517 887 647 925 portum
684 884 740 916 vel
765 885 801 915 in
825 884 964 928 tutum)‘.
1015 884 1157 916 Maxima
1182 886 1293 916 autem
1316 883 1493 915 difficultas

194 942 340 975 nondum
365 942 517 985 expedita,
542 942 578 974 in
602 952 702 975 versu
731 945 822 976 1671
850 942 946 975 inest
980 942 1031 976 Ne
1056 942 1193 982 duobus,
1209 942 1308 975 simul
1334 951 1377 974 ex
1401 942 1493 981 locis,

193 1004 229 1033 et
252 1001 496 1034 Lacedaemone
522 1004 555 1034 et
580 1011 623 1034 ex
648 1002 746 1042 caelo,
789 1002 826 1033 in
851 1012 915 1043 quo
942 1012 1015 1034 eam
1040 1000 1137 1043 (tum)
1164 1011 1231 1033 non
1255 1002 1359 1033 fuisse
1395 1010 1492 1033 nemo

145 1082 148 1083 γ
193 1059 349 1101 negabit,
392 1068 461 1091 una
485 1058 612 1091 Helena
636 1059 708 1101 rapi
732 1059 873 1100 dicatur,
915 1059 979 1091 viri
1016 1059 1102 1092 docti
1126 1059 1183 1090 alii
1217 1058 1280 1090 alia
1317 1059 1489 1091 coniciunt.

193 1117 354 1151 Heathius
379 1119 413 1151 et
436 1117 672 1152 Β618111118τῶν
696 1113 768 1151 κατ’
796 1114 958 1163 Εὒρώταν
983 1116 1107 1164 δόμων,
1147 1118 1206 1152 sed
1231 1128 1298 1151 non
1323 1120 1390 1159 est,
1432 1127 1491 1151 cur

193 1177 245 1209 bis
271 1177 362 1208 iuxta
386 1176 620 1217 Lacedaemon,
645 1177 734 1209 unde
759 1179 849 1219 rapta
875 1175 928 1217 sit,
959 1179 1240 1219 commemoretur.
1292 1176 1492 1219 Simpliciter

193 1243 276 1267 sane
314 1233 352 1267 Gr.
377 1234 586 1267 Hermannus
622 1234 699 1267 huic
736 1234 806 1267 loco
842 1234 969 1268 mederi
995 1237 1130 1268 conatur
1173 1235 1233 1268 hoc
1259 1234 1354 1267 modo
1391 1235 1491 1268 inter-

409 1348 469 1388 ,οὖ
495 1350 526 1384 δ’
561 1348 678 1396 ὥρισέν
704 1361 743 1385 σε
768 1351 884 1396 πρῶτα
908 1349 1064 1392 Μαιάδος
1088 1353 1186 1393 τόκος

429 1407 595 1456 Σπάρτης,
620 1407 753 1455 ἀπάρας
777 1414 844 1445 τῶν
869 1406 945 1444 κατ’
973 1408 1115 1455 οὒρανὸν
1133 1409 1257 1457 δόμων,

193 1469 254 1503 sed
279 1480 475 1512 quamquam
500 1471 592 1503 verbi
618 1467 751 1513 ἀπάρας
776 1470 917 1503 neutrali
935 1471 969 1502 vi
993 1480 1147 1503 concessa
1172 1471 1234 1503 hoc
1260 1467 1400 1513 ,ἀπάρας
1425 1474 1490 1503 τῶν

192 1527 267 1561 κατ’
293 1524 445 1571 οὐρανὸν
462 1526 590 1573 δόμωνι
616 1528 657 1560 de
682 1528 844 1561 Mercurio
869 1539 888 1561 e
914 1528 1003 1561 caelo
1028 1528 1170 1571 profecto
1202 1529 1274 1561 sine
1301 1528 1399 1560 dubio
1424 1528 1488 1560 dici

192 1589 308 1629 potest,
333 1587 437 1619 multo
462 1589 572 1619 tumen
596 1587 727 1619 facilius
752 1587 923 1629 aptiusque
955 1584 1107 1632 Σπάρτης
1132 1597 1208 1619 611111
1232 1587 1332 1619 verbo
1358 1584 1491 1631 ἀπάρας

191 1645 340 1689 proxime
365 1645 471 1689 posito
496 1646 706 1688 coniungitur
731 1656 831 1689 quam
856 1656 933 1679 cum
949 1646 1048 1679 verbo
1065 1643 1184 1690 ὥρισεν
1209 1646 1339 1688 longius
1356 1648 1489 1679 remoto.

192 1705 318 1738 Deinde
357 1714 434 1738 611111
469 1715 512 1737 ex
536 1705 616 1738 10618
626 1704 653 1746 2)
687 1705 729 1737 ad
767 1702 883 1749 ὁρίζειν
920 1705 1027 1737 allatis
1069 1705 1141 1738 eius
1178 1706 1271 1738 verbi
1309 1705 1491 1748 ,separandi

195 1763 369 1808 (trennen)‘
396 1763 466 1795 vim
491 1764 532 1796 ab
557 1773 596 1796 eo
621 1763 676 1796 hic
700 1763 837 1806 proponi
862 1763 1080 1805 cognoverim,
1105 1764 1265 1806 quomodo
1276 1760 1315 1797 οὗ
1333 1764 1490 1806 accipiam

191 1823 321 1865 ignoro,
360 1832 469 1865 neque
495 1823 584 1856 enim
610 1823 788 1866 quidquam
812 1822 901 1856 aliud
927 1823 1126 1866 relinquitur
1155 1823 1221 1855 nisi
1245 1826 1283 1856 ut
1306 1825 1487 1856 vertamus:

191 1881 259 1922 ,ubi
282 1880 357 1924 (wo)
382 1873 492 1914 autem
519 1882 679 1924 separavit
703 1885 736 1914 te
753 1882 857 1924 primo
882 1880 986 1915 Maiae
1012 1882 1100 1914 filius
1117 1882 1379 1915 Lacedaemone‘.
1406 1882 1488 1924 ,Ubi‘

274 2007 299 2043 ¹)
320 2006 435 2036 Versus
450 2005 586 2035 1013-(5
607 2006 666 2035 iam
686 2006 722 2035 ab
733 2005 899 2044 Hartungio
919 2006 950 2035 in
972 2006 1038 2044 Iph.
1053 2005 1120 2036 Aul.
1143 2016 1172 2044 p.
1186 2006 1223 2036 31
1246 2006 1376 2036 damnati
1396 2008 1486 2037 erant.

271 2055 294 2093 ²}
316 2055 389 2085 Hec.
410 2055 469 2084 939
480 2063 544 2092 sqq.

264 2098 267 2102 ⁵
558 2103 617 2133 ἐπεὶ
637 2104 763 2142 νόστιμον
782 2108 849 2138 ναῦς
870 2104 996 2143 ἐκίνησεν
1016 2103 1089 2132 πόδα

545 2155 596 2184 καί
616 2151 644 2190 μ’
665 2152 719 2183 ἀπὸ
739 2157 792 2193 γᾶς
812 2152 910 2192 ὥρισεν
931 2152 1060 2189 Ἰλιάδος.

319 2203 410 2241 Soph.
433 2203 510 2233 Phil.
533 2203 591 2233 635
612 2212 656 2241 sq.

485 2252 557 2290 ἀλλ’,
579 2250 602 2281 ὦ
623 2253 722 2288 τέκνον,
745 2257 888 2292 χωρῶμεν,
910 2253 949 2287 ὡς
969 2253 1049 2293 ἡμᾶς
1069 2253 1142 2283 πολὺ

485 2301 608 2342 πέλαγος
629 2302 708 2342 ὁρίζῃ
729 2306 783 2342 τῆς
802 2300 955 2336 Ὀδυσσέως
975 2302 1053 2337 νεώς.
